2018 3117
175 96 279 147 314
897 89 1129 135 ΡΗΣΟΣ

366 241 482 299 πῶς
507 230 558 288 δ’
589 223 662 286 αὖ
686 227 934 301 γεφύρας
958 222 1285 297 διαβαλοῦσ’
1316 229 1629 297 ἱππηλάται,

367 316 438 391 ἢν
462 310 568 389 ἆρα
591 313 664 387 μὴ
688 311 1035 386 θραύσαντες
1060 307 1317 381 ἀντύγων
1341 310 1532 390 Q

368 408 543 460 νικῶν
568 397 621 456 δ’
654 402 892 471 ἔφεδρον
916 392 1069 452 παῖδ’
1099 400 1237 465 ἔχεις
1261 391 1359 449 τὸν
1381 397 1626 466 Πηλέως,

371 486 430 552 ὅς
458 483 508 542 σ’
539 483 640 540 οὐκ
667 484 814 539 ἐάσει
836 483 1038 538 ναυσὶν
1061 482 1320 551 ἐμβαλεῖν
1345 478 1525 551 φλόγα
1760 493 1841 536 1⁶20

372 568 494 628 οὐδ’
527 562 626 625 ῶδ’
649 565 897 639 Ἀχαιους
921 563 993 631 ῶς
1017 570 1200 628 δοκεῖς
1225 561 1553 634 ἀναρπάσαι.

263 670 311 717 λ’
369 653 681 734 αἴθωνγαρ
710 651 849 724 ανὴρ
874 653 967 707 καὶ
990 649 1348 723 πεπύργωται
1375 648 1591 734 θράσει.

370 738 510 796 ἄλλα
533 721 1125 811 Gngzl—fflov
1148 731 1278 806 παρ’
1309 719 1553 798 ἀσπίδας

374 824 562 882 εύδειν
587 827 763 895 ἐῶμεν
788 817 1422 906 ἐσωὲφατων,

371 907 719 967 κατάσκοπον
743 908 803 964 δὲ
827 913 1133 978 πολεμίων,
1164 901 1223 969 ὃς
1248 900 1316 959 ἂν
1339 906 1497 977 θέλῃ,
1763 916 1845 958 125

375 998 610 1067 πέμπειν
635 998 791 1049 δοκεῖ
811 1011 927 1063 μοι·
955 987 1060 1046 κᾶν
1085 990 1185 1062 μὲν
1213 997 1477 1061 αἴρωνται
1504 987 1708 1059 φυγήν,

377 1086 679 1150 στείχοντες
705 1080 1023 1149 ἐμπέσωμεν
1042 1072 1307 1145 Ἀργείων
1333 1079 1544 1147 στρατῷ
1561 1091 1571 1101 ·

378 1171 428 1221 εἰ
450 1162 502 1220 δ’
535 1169 610 1228 εἰς
636 1163 802 1219 δόλον
827 1159 933 1216 τιν’
962 1157 1051 1232 ἥδ’
1081 1157 1202 1229 ἄγει
1228 1164 1573 1230 φρυκτωρία,

379 1248 652 1321 μαθόντες
678 1250 897 1319 ἐχθρῶν
919 1243 1161 1317 μηχανὰς
1186 1243 1537 1299 κατασκόπου

378 1333 865 1407 βουλευσόμεσθα·
893 1327 1046 1402 τήνδ’
1077 1337 1178 1400 ἔχω
1205 1330 1463 1428 γνώμην,
1503 1325 1658 1392 ἄναξ.
1764 1340 1848 1384 130

190 1431 304 1483 XO.
374 1420 502 1476 τάδε
527 1423 695 1488 δοκεῖ,
720 1416 851 1472 τάδε
874 1417 1245 1487 μεταθέμενος
1268 1414 1400 1469 νόει.
1613 1430 1730 1485 στρ.

378 1501 628 1576 σφαλερὰ
653 1499 705 1557 δ’
736 1525 802 1557 ου
830 1507 974 1572 φιλῶ
1000 1505 1319 1573 στρατηγῶν
1342 1498 1529 1571 κράτη.

381 1596 438 1645 τί
468 1586 572 1661 γὰρ
600 1585 826 1659 άμεινον
850 1582 883 1656 ἢ

381 1673 694 1745 ταχυβάταν
718 1677 863 1727 νεῶν
888 1670 1162 1726 κατόπταν
1187 1676 1377 1740 μολεῖν

383 1762 548 1822 πέλας
578 1755 609 1812 ὅ
633 1764 690 1812 τί
710 1753 832 1812 ποτ’
863 1753 968 1827 ἄρα
995 1760 1166 1819 δαΐοις
1769 1765 1849 1808 135

384 1841 534 1912 πυρὰ
558 1839 680 1898 κατ’
710 1838 1030 1915 ἀντίπρῳρα
1053 1838 1428 1909 ναυστάθμων
1452 1843 1687 1901 δαίεται;

196 1936 309 1988 ΕΚ.
377 1925 578 1997 νικᾶτ’,
606 1924 794 1996 ἐπειδὴ
820 1931 988 1980 πᾶσιν
1013 1921 1240 1980 ἁνδάνει
1262 1923 1408 1978 τάδε.

385 2019 614 2082 στείχων
640 2012 702 2067 δὲ
740 2016 904 2081 κοίμα
941 2009 1285 2081 συμμάχους·
1317 2006 1434 2079 τάχ’
1465 2005 1533 2064 ἂν
1556 2004 1783 2079 στρατὸς

385 2093 580 2152 κινοῖτ’
612 2094 850 2159 άκούσας
877 2096 1178 2166 νυκτέρους
1203 2097 1505 2164 ἐκκλησίας.

388 2180 493 2253 ἐγώ
523 2181 585 2236 δὲ
610 2184 803 2252 πέμψω
830 2185 1110 2249 πολεμίων
1133 2178 1497 2233 κατάσκοπον.
1774 2188 1857 2232 140

387 2262 493 2322 κᾶν
518 2267 619 2337 μέν
643 2261 749 2321 τιν’
780 2266 999 2335 ἐχθρῶν
1021 2261 1271 2333 μηχανὴν
1294 2262 1628 2333 πυθώμεθα,

391 2350 460 2408 σὺ
487 2348 647 2406 πάντ’
679 2347 907 2405 ἀκούσει
934 2349 1026 2403 καὶ
1051 2345 1245 2417 παρῶν
1272 2355 1404 2402 εἴσει
1428 2347 1657 2418 λόγους·

390 2434 487 2491 ἐὰν
516 2432 570 2491 δ’
601 2429 875 2503 άπαίρωσ’
909 2439 984 2497 εἰς
1010 2430 1198 2503 φυγὴν
1222 2429 1548 2503 ὁρμώμενοι,

391 2520 690 2590 σάλπιγγος
714 2515 895 2588 αὐδὴν
919 2522 1247 2589 προσδοκῶν
1272 2517 1586 2587 καραδόκει,

391 2601 464 2668 ὡς
491 2602 557 2659 οὐ
585 2602 862 2675 μενοῦντά
885 2599 941 2673 μ’
961 2620 971 2630 ·
1000 2599 1137 2657 ἀλλὰ
1163 2605 1438 2673 προσμίξω
1463 2607 1610 2657 νεῶν
1777 2614 1862 2654 140

332 2679 362 2785 f«
391 2684 605 2744 ὁλκοῖσι
628 2687 829 2752 νυκτὸς
856 2684 1012 2758 τῆσδ’
1042 2683 1127 2742 ἐπ’
1151 2683 1416 2757 Ἀργείων
1440 2690 1671 2760 στρατῷ.

721 2788 979 2832 131-136
997 2802 1069 2824 =
1088 2786 1347 2830 195—200
