2018 3117
199 81 301 132 330
933 79 1166 125 ΡΗΣΟΣ

388 229 596 296 τρίβων
620 219 725 292 γὰρ
754 218 804 275 εἴ
824 217 890 274 τὰ
914 217 1101 289 κομψὰ
1124 220 1218 274 καὶ
1239 232 1392 275 νοεῖν
1416 219 1603 292 σοφός.
1779 232 1862 275 625

299 301 318 369 l
388 294 1709 380 xQQQQme-QQQ
1744 359 1773 365 -

200 400 314 449 ΑΘ.
383 393 474 448 καὶ
500 389 610 462 μὴν
632 387 767 445 καθ’
796 386 936 460 ἡμᾶς
959 385 1115 444 τόνδ’
1150 386 1510 460 Ἀλέξανδρον
1535 392 1719 460 βλέπω

388 482 699 548 στείχοντα,
727 473 996 546 φυλάκων
1027 479 1086 529 ἔκ
1110 496 1255 539 τινος
1281 475 1633 544 πεπυσμένον

390 561 551 628 δόξας
578 558 821 632 ἀσήμους
844 565 1122 630 πολεμίων
1147 557 1570 630 μεμβλωκότων.

199 654 298 702 ΔΙ.
388 646 592 718 πότερα
616 643 724 701 σὺν
753 642 936 709 ἄλλοις
958 640 993 715 ἢ
1017 644 1182 715 μόνος
1206 643 1528 716 πορεύεται;
1779 657 1863 701 630

199 738 316 788 ΑΘ.
385 731 577 803 μόνος·
605 728 742 802 πρὸς
768 727 933 795 εὐνὰς
959 726 1033 800 δ’,
1067 726 1139 794 ῶς
1165 735 1374 800 ἔοικεν,
1397 724 1654 799 ’Έκτορος

389 829 584 888 χωρεῖ,
610 815 879 880 κατόπτας
903 820 1166 886 σημανῶν
1190 811 1348 885 ἥκειν
1372 818 1625 885 στρατοῦ.

199 908 300 958 ΔΙ.
392 899 602 958 οὔκουν
635 898 905 974 ὑπάρχειν
935 899 1096 955 τόνδε
1121 899 1470 955 κατθανόντα
1494 896 1628 969 χρή;

203 993 317 1042 ΑΘ.
389 984 491 1042 οὐκ
516 983 585 1043 ἂν
612 986 808 1042 δύναιο
833 991 932 1040 τοῦ
959 986 1325 1057 πεπρωμένου
1350 984 1532 1039 πλέον.

393 1077 591 1128 τοῦτον
617 1071 678 1127 δὲ
705 1069 841 1142 πρὸς
865 1076 961 1141 σῆς
992 1071 1060 1124 οὐ
1083 1071 1242 1140 θέμις
1266 1068 1446 1139 χειρὸς
1465 1076 1682 1123 θανεῖν.
1782 1080 1865 1125 635

391 1154 512 1212 ἀλλ’
543 1149 690 1231 ᾧπερ
716 1153 866 1226 ἥκεις
891 1160 1193 1226 μορσίμους
1219 1155 1408 1226 φέρων
1432 1153 1664 1224 σφαγάς,

393 1238 583 1312 τάχυν’
601 1259 611 1270 ·
641 1238 746 1312 ἐγῶ
774 1240 835 1295 δὲ
859 1243 999 1315 τῷδε
1025 1239 1303 1310 σύμμαχος
1326 1237 1547 1311 Κύπρις

398 1323 624 1382 δοκοῦσ’
662 1323 877 1398 ἀρωγὸς
907 1328 966 1381 ἐν
991 1324 1183 1390 πόνοις
1206 1335 1591 1396 παραστατεῖν,

393 1420 625 1484 σαθροῖς
644 1411 888 1482 λόγοισιν
913 1408 1116 1481 ἐχθρὸν
1143 1406 1305 1481 ἄνδρ’
1337 1405 1651 1480 ἀμείψομαι.

394 1499 487 1553 καὶ
510 1494 663 1552 ταῦτ’
696 1494 802 1567 ἐγὼ
829 1495 930 1567 μὲν
957 1494 1137 1551 εἷπον·
1165 1491 1230 1550 ὃν
1255 1495 1316 1550 δὲ
1339 1492 1441 1566 χρὴ
1468 1502 1691 1564 παθεῖν,
1780 1506 1866 1551 640

395 1579 497 1639 οὐκ
528 1581 679 1638 οἶδεν
703 1578 827 1637 οὐδ’
861 1578 1103 1652 ἤκουσεν
1128 1577 1293 1651 ἐγγὺς
1319 1575 1397 1634 ῶν
1422 1578 1609 1649 λόγου.

204 1672 326 1724 ΠΛ.
396 1668 455 1724 σὲ
480 1666 578 1723 τὸν
602 1665 910 1739 στρατηγὸν
933 1667 1026 1721 καὶ
1055 1671 1387 1736 κασίγνητον
1411 1665 1570 1734 λέγω,

387 1749 610 1824 Ἕκτορ,
637 1751 966 1818 καθεύδεις;
996 1747 1099 1806 οὐκ
1125 1753 1446 1822 ἐγείρεσθαί
1465 1745 1518 1803 σ’
1548 1750 1741 1821 ἐχρῆν;

399 1840 618 1910 ἐχθρῶν
641 1861 721 1902 τις
745 1834 876 1909 ἡμῖν
899 1842 1219 1908 χρίμπτεται
1243 1833 1624 1906 στρατεύματι,

395 1919 429 1993 ἢ
452 1929 664 1990 κλῶπες
691 1920 890 1993 ἄνδρες
913 1918 947 1993 ἢ
971 1920 1309 1976 κατάσκοποί
1333 1941 1495 1983 τινες.
1783 1931 1868 1976 645

207 2014 323 2063 ΑΘ.
397 2007 596 2079 θάρσει
613 2027 623 2037 ·
653 2008 925 2078 φυλάσσει
951 2004 1002 2062 σ’
1035 2003 1135 2077 ἥδε
1161 2003 1475 2078 πρευμενὴς
1497 2001 1733 2076 Κύπρις.

396 2094 546 2163 μέλει
577 2089 629 2148 δ’
658 2090 686 2148 ὁ
713 2092 807 2157 σός
833 2116 925 2163 μοι
951 2092 1210 2162 πόλεμος,
1239 2087 1363 2146 οὐδ’
1399 2086 1697 2160 ἀμνημονῶ

397 2182 581 2248 τιμῆς,
608 2180 815 2233 ἐπαινῶ
843 2174 894 2232 δ’
931 2168 994 2230 εῦ
1020 2181 1283 2231 παθοῦσα
1309 2173 1446 2247 πρὸς
1471 2175 1656 2228 σέθεν.

396 2264 489 2318 καὶ
512 2268 622 2318 νῦν
645 2259 731 2318 ἐπ’
763 2257 1088 2332 εὐτυχοῦντι
1118 2265 1345 2334 Τρωικῷ
1370 2262 1582 2332 στρατῶ

402 2344 520 2419 ἥκω
555 2343 858 2420 πορεύουσ’
893 2344 1071 2418 ἄνδρα
1095 2363 1181 2400 σοι
1207 2347 1380 2416 μέγαν
1407 2348 1590 2414 φίλον,
1785 2354 1870 2399 650

400 2438 495 2503 τῆς
518 2429 829 2504 ὑμνοποιοῦ
854 2435 1024 2487 παῖδα
1051 2429 1294 2504 Θρῄκιον
1317 2434 1453 2493 θεᾶς

401 2517 665 2589 Μούσης,
692 2515 894 2591 πατρὸς
921 2515 982 2572 δὲ
1005 2514 1327 2588 Στρυμόνος
1350 2512 1716 2585 κικλήσκεται.

214 2610 334 2660 ΠΛ.
405 2598 497 2658 ἀεί
515 2599 635 2658 ποτ’
669 2595 733 2658 εῦ
761 2606 1049 2675 φρονοῦσα
1074 2599 1361 2672 τυγχάνεις
1385 2599 1543 2655 πόλει

403 2684 592 2758 κάμοί,
621 2689 880 2759 μέγιστον
907 2683 960 2742 δ’
989 2689 1048 2741 έν
1071 2692 1175 2760 βίῳ
1199 2683 1484 2755 κειμήλιον

402 2778 595 2843 κρίνας
623 2773 686 2827 σέ
706 2795 846 2843 φημι
871 2775 1002 2845 τῇδε
1029 2771 1379 2844 προσθέσθαι
1403 2768 1576 2826 πόλει.
1786 2778 1869 2823 655

405 2854 521 2929 ἥκω
547 2853 599 2912 δ’
629 2853 868 2921 ἀκούσας
896 2853 962 2912 οὐ
986 2861 1186 2929 τορῶς,
1216 2854 1367 2927 φήμη
1394 2855 1459 2910 δέ
1485 2876 1566 2918 τις
