2018 3117
254 105 316 157 14
630 106 1011 153 ΙΦΙΓΕΝΕΙΑ
1049 106 1107 150 Η
1137 106 1238 151 ΕΝ
1269 106 1527 151 ΑΥΛΙΔΙ

250 253 416 303 ΑΓΛ.
451 243 574 318 οὐχὶ
601 244 787 311 δεινάς
828 243 926 300 τὸν
952 243 1085 315 ἐμὸν
1113 249 1288 300 οἰκεῖν
1314 243 1468 300 οἷκον
1495 242 1598 301 οὐκ
1624 249 1713 320 ε’ᾇς
1741 249 1865 318 ἐμέ;

251 338 378 387 ME.
449 330 652 402 πλάγια
677 327 782 401 γὰρ
813 342 1056 401 φρονεῖς,
1085 327 1149 384 τὰ
1175 329 1277 400 μὲν
1301 334 1427 399 νῦν,
1455 328 1520 384 τὰ
1545 330 1606 386 δὲ
1635 329 1820 402 πάλαι,
1849 332 1911 388 τὰ

1004 411 1057 469 δ’
1090 411 1306 469 αὐτίκα.

251 507 415 557 ΑΓΛ.
453 492 517 556 εὖ
562 498 965 569 κεκόμψευσαι·
1027 504 1289 571 πονηρῶν
1337 497 1540 570 γλῶσσ’
1596 503 1917 572 ἐπίφθονον

1005 601 1167 656 σοφη.

256 677 378 726 ΜΕ.
438 674 569 734 νοῦς
619 671 677 723 δ’
714 667 742 725 ὁ
791 665 864 740 μὴ
914 670 1134 740 βέβαιος
1174 665 1370 724 ἄδικον
1407 675 1580 740 κτῆμα
1609 667 1712 725 κού
1739 671 1911 742 σαφὲς

1005 759 1203 823 φίλοις.
1827 768 1912 812 334

448 837 719 910 βούλομαι
745 840 810 894 δέ
834 835 885 893 σ’
917 839 1213 908 ἐξελέγξαι,
1242 839 1334 894 καὶ
1359 836 1428 893 σὺ
1454 835 1579 910 μήτ’
1610 836 1776 910 ὀργῆς
1804 836 1912 896 ὕπο

449 921 762 995 ἀποτρέπου
791 920 1044 995 τάληθές,
1072 920 1199 979 οὔτε
1228 929 1508 978 κατατενῶ
1534 929 1661 978 λιάν
1689 924 1813 995 ἐγῶ.

448 1004 587 1065 οἷσθ’
615 1005 687 1064 ὅτ’
707 1007 1034 1077 ἐσπούδαζες
1050 1005 1239 1081 ἄρχειν
1253 1013 1561 1074 Δαναΐδαις
1577 1007 1913 1080 πρόςἼλιον,

449 1098 524 1149 τῶ
573 1098 761 1150 δοκεῖν
806 1094 908 1166 μὲν
955 1091 1079 1164 οὐχὶ
1113 1093 1326 1166 χρῄζων
1344 1138 1357 1163 ,
1396 1099 1470 1167 τῷ
1511 1094 1571 1149 δὲ
1605 1093 1912 1164 βούλεσθαι

1003 1180 1206 1248 θέλων,

448 1261 519 1329 (ὃς
545 1263 799 1330 ταπεινὸς
825 1255 974 1336 ἦσθα
998 1269 1148 1334 πᾶσι,
1166 1268 1198 1319 δ
1203 1266 1344 1329 εξιᾶς
1369 1263 1804 1335 προσθιγγάνων
1827 1277 1914 1341 339

446 1351 539 1406 καὶ
564 1348 744 1420 θύρας
769 1355 909 1420 ἔχων
935 1346 1238 1420 ἀκλῄστους
1264 1353 1342 1422 τῷ
1377 1350 1603 1404 θέλοντι
1640 1353 1911 1420 δημοτῶν,

446 1436 537 1491 καὶ
564 1433 755 1500 διδοὺς
772 1433 1078 1506 πρόσρησιν
1103 1435 1221 1505 ἑξῆς
1247 1439 1396 1503 πᾶσι,
1424 1439 1512 1488 κεί
1532 1432 1606 1504 μή
1630 1457 1709 1499 τις
1734 1435 1912 1504 θέλοι,

441 1533 552 1585 τοῖς
577 1518 799 1590 τρόποις
823 1525 998 1590 ζητῶν
1023 1525 1295 1591 πριάσθαι
1320 1516 1379 1573 τὸ
1409 1517 1701 1590 φιλότιμον
1728 1521 1787 1574 ἐκ
1814 1520 1910 1589 με’-

1003 1622 1132 1669 σου;

446 1682 571 1763 κᾷτ’
622 1690 741 1745 ἐπεὶ
785 1691 1038 1760 κατέσχες
1086 1686 1280 1759 ἀρχάς,
1337 1685 1662 1759 μεταβαλῶν
1710 1685 1916 1754 ἄλλους

1002 1772 1239 1845 τρόπους

452 1871 560 1924 τοῖς
588 1865 832 1931 φίλοισιν
855 1856 1042 1915 οὐκέτ’
1078 1850 1222 1931 ἧσθα
1247 1871 1357 1923 τοῖς
1383 1859 1516 1930 πρὶν
1552 1855 1623 1923 ῶς
1662 1857 1920 1931 πρόσθεν

1004 1950 1180 2016 φίλος,

447 2039 811 2101 δυσπροσιτος
837 2036 940 2086 ἔσω
967 2053 1025 2086 τε
1060 2027 1326 2102 κλῄθρων
1360 2027 1604 2094 σπάνιος.
1642 2025 1820 2100 ἄνδρα
1856 2024 1908 2083 δ’

1002 2111 1068 2171 οὐ
1093 2112 1272 2185 χρεῶν
1829 2125 1915 2168 345>

446 2198 543 2254 τὸν
568 2199 786 2270 ἀγαθὸν
811 2200 1127 2271 πράσσοντα
1152 2197 1361 2270 μεγάλα
1386 2197 1514 2264 τοὺς
1549 2197 1789 2271 τρόπους
1813 2220 1912 2268 με-

1004 2283 1279 2354 θιστοὶναι,

448 2366 585 2424 ἄλλα
609 2370 700 2425 καὶ
725 2371 954 2442 βέβαιον
981 2369 1122 2426 εἶναι
1146 2368 1265 2425 τότε
1292 2367 1525 2440 μάλιστα
1549 2381 1661 2433 τοῖς
1698 2373 1883 2438 φίλοις

446 2450 599 2525 ἡνίκ’
631 2451 872 2526 ὠφελεῖν
895 2454 1129 2524 μάλιστα
1156 2453 1391 2520 δυνατός
1417 2456 1566 2510 ἐστιν
1593 2450 1860 2523 εὐτυχῶν.

443 2542 616 2590 ταῦτα
649 2538 747 2606 μέν
770 2555 831 2591 σε
852 2537 1026 2606 πρῶτ’
1066 2541 1342 2609 ἐπῆλθον,
1377 2542 1468 2594 ἵνα
1499 2557 1558 2594 σε
1586 2540 1771 2611 πρῶθ’
1800 2536 1900 2612 ηὗ-

1002 2640 1101 2685 ρον
1133 2642 1322 2673 κακον.

439 2695 512 2762 ῶς
552 2696 603 2752 δ’
648 2701 700 2764 ἐς
739 2696 921 2754 Αὖλιν
977 2694 1143 2769 ἦλθες
1196 2695 1363 2766 αὖθις
1407 2701 1484 2772 χῶ
1523 2704 1862 2775 Πανελλήνω

1002 2782 1231 2853 στρατὸς
1812 2800 1897 2843 350
