2018 3117
716 101 1093 149 ΦΟΙΝΙΣΣΑΙ
1636 104 1737 156 415

275 246 333 295 τί
350 247 443 312 τῆς
472 247 729 312 κακίστης
752 242 1033 313 δαιμόνων
1057 247 1274 316 ἐφίεσαι

277 330 618 397 φιλοτιμίας,
646 339 771 393 παῖς
796 326 868 398 μὴ
893 328 965 382 σύ
989 326 1043 399 γ’
1065 348 1076 358 ·
1110 325 1296 394 ἄδικος
1319 324 1352 400 ἦ
1378 335 1535 393 θεός“

276 408 514 475 πολλοὺς
538 408 591 464 δ’
620 414 673 474 ἐς
698 419 885 475 οἴκους
909 414 1001 467 καὶ
1025 410 1568 483 πόλεις-εὐδαίμονας

276 499 502 564 εἰσῆλθε
530 490 763 565 κάξῆλθ’
793 493 880 550 ἐπ’
914 493 1132 571 ὀλέθρῳ
1162 502 1273 552 τῶν
1301 499 1627 568 χρωμένων·

274 575 364 648 ἐφ’
395 570 430 650 ᾗ
455 577 524 633 σὺ
549 585 749 649 μαίνει.
778 592 928 635 κεῖνο
952 580 1195 652 κάλλιον,
1224 584 1435 652 τέκνον,
1652 598 1734 640 535

273 662 492 733 ἰσότητα
520 669 708 734 τιμᾶν,
740 660 774 734 ἢ
799 671 996 734 φίλους
1021 662 1106 720 ἀεὶ
1131 672 1313 736 φίλοις

271 746 457 811 πόλεις
482 769 540 802 τε
563 747 754 802 πόλεσι
778 748 1094 819 συμμάχους
1118 772 1175 804 τε
1200 750 1501 821 συμμάχοις

273 835 471 886 συνδεῖ
486 850 497 860 ·
526 830 585 886 τὸ
611 830 715 902 γὰρ
742 840 863 886 ἴσον
886 832 1120 903 νόμιμον
1145 831 1464 905 ἀνθρώποις
1488 840 1615 907 ἔφυ,

268 920 343 988 τῷ
368 916 556 970 πλέονι
581 919 614 969 δ
621 913 633 932 ’
664 912 748 969 ἀεὶ
774 918 1033 987 πολέμιον
1064 924 1390 973 καθίσταται

270 995 577 1054 τοῦλασσον
601 1002 803 1071 ἐχθρᾶς
825 997 888 1055 θ’
911 998 1114 1072 ἡμέρας
1139 1002 1475 1074 κατάρχεται.
1650 1019 1733 1059 540

271 1085 362 1138 καὶ
386 1081 491 1153 γὰρ
517 1081 673 1156 μέτρ’
704 1081 1051 1155 ἀνθρώποισι
1076 1088 1167 1141 καὶ
1192 1089 1327 1159 μέρη
1354 1094 1617 1158 σταθμῶν

268 1167 448 1239 ἰσότης
472 1173 621 1234 ἔταξε
646 1165 923 1240 κάριθμὸν
947 1170 1187 1242 διώρισε,

268 1252 467 1317 νυκτός
491 1250 538 1307 τ’
567 1250 803 1324 άφεγγὲς
827 1256 1107 1327 βλέφαρον
1130 1252 1292 1326 ἡλίου
1317 1277 1374 1310 τε
1400 1261 1517 1326 φώς

268 1345 389 1393 ἴσον
413 1341 620 1408 βαδίζει
656 1335 752 1392 τὸν
780 1339 1060 1394 ἐνιαύσιον
1084 1339 1310 1409 κύκλον,

268 1419 601 1492 κούδέτερον
627 1418 813 1477 αὐτῶν
843 1423 1063 1493 φθόνον
1089 1431 1196 1495 ἔχει
1222 1423 1546 1494 νικώμενον.
1647 1438 1730 1482 545

270 1503 379 1560 εἷθ’
409 1503 560 1577 ἥλιος
583 1507 683 1577 μὲν
706 1506 806 1573 νύξ
832 1530 888 1562 τε
914 1509 1170 1565 δουλεύει
1192 1516 1424 1580 βροτοῖς,

268 1589 338 1645 σὺ
366 1595 398 1645 δ
406 1588 418 1608 ’
448 1587 550 1646 οὐκ
576 1588 753 1656 άνέξει
779 1593 1047 1663 δωμάτων
1073 1600 1211 1664 ἔχων
1238 1602 1360 1649 ἴσον

264 1676 355 1729 καὶ
378 1672 508 1749 τῷδ’
538 1672 858 1746 άπονέμειν;
885 1670 1022 1751 κᾷτα
1048 1685 1157 1733 ποῦ
1180 1676 1320 1733 ’στιν
1344 1675 1376 1750 ἡ
1403 1682 1559 1749 δίκη;

264 1765 321 1813 τί
344 1757 444 1830 τὴν
467 1758 776 1831 τυραννίδ’,
809 1758 1032 1817 ἀδικίαν
1059 1761 1376 1834 εὐδαίμονα,

265 1849 421 1917 τιμᾷς
447 1845 701 1915 ὑπέρφευ
725 1846 817 1900 καὶ
842 1844 961 1917 μέγ’
991 1843 1189 1919 ἥγησαι
1213 1847 1368 1914 τόδε;
1645 1861 1727 1904 550

264 1930 694 1998 περιβλέπεσθαι
718 1935 925 2000 τίμιον;
959 1931 1124 1987 κενὸν
1147 1932 1247 2003 μὲν
1270 1925 1389 1988 οὖν.

262 2008 296 2082 ἦ
320 2010 493 2067 πολλὰ
515 2022 745 2084 μοχθεῖν
769 2012 927 2070 πόλλ’
959 2022 1098 2086 ἔχων
1123 2018 1422 2087 εὐδαίμονα

264 2096 484 2167 βούλει;
509 2103 568 2152 τί
595 2101 647 2153 δ’
676 2103 791 2153 ἔστι
816 2098 873 2154 τὸ
901 2103 1097 2168 πλέον;
1127 2099 1286 2172 ὄνομ’
1317 2107 1424 2172 ἔχει
1449 2101 1646 2172 μόνον·

263 2182 380 2236 ἐπεὶ
404 2181 469 2236 τά
494 2179 546 2252 γ’
575 2179 846 2254 ἀρκοῦνθ’
877 2183 1039 2239 ἱκανὰ
1062 2198 1174 2250 τοῖς
1198 2208 1260 2256 γε
1284 2186 1583 2258 σώφροσιν.

263 2262 417 2321 οὗτοι
439 2264 505 2320 τὰ
526 2265 756 2338 χρήματ’
788 2273 901 2323 ἴδια
927 2271 1214 2340 κέκτηνται
1240 2275 1446 2342 βροτοί,
1642 2283 1725 2326 550

261 2349 326 2404 τὰ
350 2356 460 2405 τῶν
483 2357 636 2406 θεῶν
661 2356 694 2406 δ
701 2349 714 2368 '
745 2357 958 2422 ἔχοντες
982 2354 1391 2425 ἐπιμελούμεθα
1407 2373 1418 2383 ·

265 2430 397 2489 ὅταν
421 2434 482 2489 δὲ
504 2433 758 2507 χρῄζωσ’,
787 2434 910 2492 αὕτ’
943 2435 1313 2510 ἀφαιροῦνται
1338 2438 1521 2494 πάλιν.

262 2514 372 2589 ἄγ’,
400 2515 468 2589 ἦν
492 2517 545 2574 σ’
573 2526 778 2593 ἔρωμαι
804 2520 905 2576 δύο
928 2521 1074 2592 λόγω
1100 2522 1354 2595 πρ“οθεῖσ’
1384 2521 1511 2594 ἅμα,

263 2602 468 2674 πότερα
491 2617 789 2676 τυραννεῖν
812 2601 848 2676 ἢ
871 2604 1033 2660 πόλιν
1060 2612 1232 2663 σώσαι
1255 2611 1460 2679 θέλεις,
1642 2621 1726 2664 560

261 2690 401 2759 ε’ρεῑς
424 2701 743 2761 τυραννεῑνς
778 2685 848 2760 ἢν
873 2689 934 2744 δὲ
957 2691 1155 2763 νικήσῃ
1180 2690 1230 2747 σ’
1259 2690 1354 2748 ὅδε

262 2877 287 2922 ὖ
324 2881 368 2923 δ’
406 2879 541 2940 ὄλβος
570 2879 625 2926 οὗ
651 2881 859 2942 βέβαιος,
893 2881 995 2928 ἀλλ’
1027 2881 1271 2941 ἐφήμερος.
1639 2890 1722 2928 558
