2018 3117
64 927 167 976 ΟΡ.

59 1012 119 1060 Π
121 1013 176 1060 Υ.

63 1180 166 1229 ΟΡ.

56 1265 174 1313 ΠΤ.

61 1349 165 1397 ΟΡ.

54 1517 172 1566 ΠΥ.

58 1601 164 1649 ΟΡ.

54 1771 113 1819 Π
114 1772 172 1819 Τ.

60 1855 164 1902 ΟΡ.

52 1939 172 1987 ΠΥ.

63 2023 164 2071 ΟΡ.

55 2192 173 2239 ΠΤ.

59 2359 165 2408 ΟΡ.

56 2526 114 2575 Π
117 2528 174 2575 Y.

60 2694 166 2742 ΟΡ.

53 2777 174 2827 ΠΥ.

740 113 1054 158 ΟΡΕΣΤΗΣ
1608 114 1706 166 271

247 247 518 321 σύλλογον
541 249 751 314 πόλεως
775 247 1028 322 ἄκου’σας,
1056 251 1153 308 τὸν
1179 250 1230 308 δ’
1260 251 1397 309 ἰδών
1421 252 1587 321 αὐτὸς
1610 275 1710 312 σα-

818 340 952 407 φῶς,
1628 354 1712 396 730

252 419 340 473 ἐπὶ
372 417 433 473 σε
469 418 744 490 σύγγονόν
777 441 834 473 τε
867 417 968 489 τὴν
1002 419 1130 490 σήν,
1157 417 1229 485 ῶς
1251 428 1581 488 κτενοῦντας
1603 420 1710 478 αὐ-

813 524 953 557 τικα.

247 591 305 641 τί
322 585 480 652 τάὸε;
507 592 620 651 πῶς
645 592 808 657 ἔχεις,
834 591 892 640 τί
920 586 1207 657 πράσσειςς
1243 586 1474 660 φίλταθ’
1501 587 1709 661 ἡλίκων

805 670 922 739 ἐμοὶ

249 755 341 808 καὶ
364 760 544 824 φίλων
567 755 659 808 καὶ
683 759 1032 824 συγγενείας·
1060 755 1237 811 πάντα
1259 756 1363 830 γὰρ
1397 755 1518 813 τάδ’
1557 759 1608 814 εἷ
1636 759 1708 810 σύ

805 860 912 908 μοι.

242 919 520 993 οἰχόμεσθ’
539 964 553 992 ,
580 918 652 986 ὠς
676 924 735 977 ἐν
758 927 953 993 βραχεῖ
973 939 1058 978 σοι
1080 921 1221 994 τάμὰ
1246 925 1475 996 δηλώσω
1499 926 1655 981 κακά.

245 1005 748 1077 συγκατασκάπτοις
795 1001 864 1060 ἂν
908 1003 1071 1077 ἡμᾶς·
1120 1007 1280 1064 κοινὰ
1325 1008 1432 1081 γὰρ
1478 1009 1543 1065 τὰ
1595 1017 1705 1066 τῶν

806 1095 1003 1160 φίλων.
1624 1108 1697 1152 735

244 1176 540 1239 Μενέλεως
565 1173 815 1239 κάκιστος
841 1182 918 1239 εἴς
941 1198 1006 1245 με
1031 1178 1123 1230 καὶ
1145 1178 1482 1249 κασιγνήτην
1507 1178 1658 1250 ἐμήν.

244 1257 491 1328 εἰκότως,
517 1263 685 1328 κακῆς
708 1257 971 1328 γυναικὸς
995 1255 1171 1331 ἄνδρα
1199 1267 1491 1331 γίγνεσθαι
1515 1263 1704 1318 κακόν.

249 1340 430 1414 ῶσπερ
467 1340 570 1398 οὐκ
616 1340 799 1397 ἐλθών
834 1348 1016 1414 ἔμοιγε
1049 1341 1252 1400 ταύτὸν
1286 1342 1571 1401 ἀπέδωκεν
1605 1371 1694 1418 μο-

811 1426 941 1481 λῶν.

241 1502 276 1580 ἦ
301 1510 405 1581 γάρ
433 1513 581 1565 ἐστιν
607 1507 679 1575 ῶς
704 1508 926 1581 ἀληθῶς
950 1509 1108 1582 τήνδ’
1139 1510 1438 1584 ἀφιγμένος
1460 1514 1669 1585 χθόνα;

241 1593 485 1667 χρόνιος·
528 1591 647 1649 ἀλλ’
690 1592 834 1665 ὅμως
867 1595 1088 1666 τάχιστα
1113 1595 1278 1661 κακὸς
1312 1598 1579 1670 ἐφωράθη
1606 1606 1703 1670 φί-

803 1686 934 1744 λοις.
1621 1696 1705 1739 740

239 1764 331 1818 καὶ
355 1762 603 1835 δάμαρτα
627 1762 727 1834 τὴν
752 1770 1016 1836 κακίστην
1041 1772 1362 1821 ναυστολῶν
1397 1766 1703 1837 ἐλήλυθεν;

236 1844 337 1903 οὐκ
363 1850 596 1918 ἐκεῖνος,
633 1844 753 1902 ἀλλ’
782 1851 963 1920 ἐκείνη
989 1863 1177 1905 κεῖνον
1206 1847 1400 1905 ἐνθάδ’
1428 1847 1652 1922 ἤγαγεν.

241 1937 349 1987 ποῦ
370 1928 509 1986 ’στιν
533 1928 570 2002 ἣ
593 1938 881 1998 πλείστους
900 1930 1130 2004 ’Λχαιῶν
1156 1932 1362 1990 ῶλεσεν
1385 1934 1528 2007 γυνὴ
1553 1942 1680 2007 μία;

243 2018 302 2070 ἐν
347 2015 531 2086 δόμοις
579 2020 814 2087 ἐμοῖσιν,
863 2023 913 2072 εί
957 2017 1024 2089 δὴ
1069 2016 1258 2074 τούσδ’
1309 2018 1473 2089 ἐμοὺς
1516 2027 1705 2075 καλεῖν

802 2124 996 2174 χρεων.

242 2183 310 2239 σύ
359 2185 420 2240 δὲ
463 2191 615 2249 τίνας
660 2185 859 2256 λόγους
896 2189 1077 2253 ἔλεξας
1112 2193 1215 2242 σοῦ
1252 2187 1563 2262 κασιγνήτω
1597 2210 1704 2243 πα-

810 2271 963 2342 τρός;
1622 2285 1704 2328 745

242 2352 315 2423 μή
348 2350 408 2424 μ’
449 2358 588 2409 ἰδεῖν
622 2351 868 2409 θανόνθ’
897 2352 997 2410 ὑπ’
1038 2353 1218 2411 ἀστῶν
1242 2357 1334 2410 καὶ
1368 2355 1701 2426 κασιγνήτην

810 2439 960 2510 ἐμήν.

241 2519 377 2593 πρὸς
401 2528 580 2592 θεῶν,
617 2528 674 2577 τί
703 2519 839 2594 πρὸς
872 2519 992 2578 τάδ’
1024 2522 1169 2589 εἶπες
1206 2521 1332 2578 τόδε
1366 2521 1470 2595 γὰρ
1498 2525 1701 2579 εἰδέναι

809 2609 975 2662 θέλω.

237 2684 551 2760 ηὖλαβεῖθ’,
578 2686 608 2744 ὃ
632 2702 744 2755 τοῖς
769 2696 979 2762 φίλοισι
1004 2695 1211 2762 δρῶσιν
1235 2695 1293 2746 οἱ
1308 2693 1469 2748 κακοὶ
1494 2697 1665 2762 φίλοι.

245 2778 450 2836 σκῆψιν
486 2778 561 2837 εἰς
595 2779 761 2829 ποίαν
795 2780 1146 2845 προβαίνων;
1194 2781 1356 2831 τοῦτο
1394 2772 1559 2830 πάντ’
1597 2779 1702 2845 ἔχω

797 2856 1013 2929 μαθῶν.
