2018 3117
100 411 214 463 EK.

773 95 1127 142 ΤΡΩΙΑΔΕΣ
1646 91 1747 144 383

291 232 363 300 ὥς
388 231 619 305 σύντομ’
648 231 780 304 ἡμῖν
803 230 930 288 τάπ’
959 235 1092 304 ἐμοῦ
1119 255 1177 287 τε
1203 229 1344 288 κάπὸ
1371 238 1474 288 σοῦ

293 325 368 384 εἰς
395 315 454 374 ἓν
479 315 805 385 ξυνελθόντ’
836 315 1015 373 οἴκαδ’
1048 313 1260 390 ὁρμήσῃ
1285 313 1510 388 πλάτην.
1643 334 1749 375 1155

286 400 452 459 θέσθ’
481 400 822 475 ἀμφίτορνον
846 399 1031 457 ἀσπίδ’
1056 398 1309 472 Εκτορος
1333 403 1499 476 πέδω,

287 486 502 560 λυπρὸν
526 489 707 558 θέαμα
733 484 835 541 κού
865 492 1030 556 φίλον
1059 485 1314 542 λεύσσειν
1341 488 1475 557 ἐμοί.

288 574 328 627 ὠ
354 568 554 643 μείζον’
583 568 752 642 όγκον
777 568 938 642 δορὸς
964 576 1176 641 ἔχοντες
1199 566 1234 643 ἢ
1258 593 1499 642 φρενων,

286 662 343 712 τί
365 652 538 724 τόνδ’
565 652 794 726 Ἀχαιοί,
822 659 992 709 παῖδα
1018 660 1298 719 δείσαντες
1324 655 1501 725 φόνον

288 738 485 797 καινὸν
510 698 929 812 διειργάσασθες
956 738 1027 809 μὴ
1062 746 1265 811 Τροίαν
1290 739 1419 795 ποτὲ
1643 754 1751 798 1160

285 830 562 880 πεσοῦσαν
586 822 921 895 όρθεόσειενς
951 820 1118 880 οὐδὲν
1141 817 1226 895 ἦτ’
1257 821 1387 895 ἄρα·

293 906 388 965 ὅθ’
406 905 663 980 ’Έκτορος
690 908 790 978 μὲν
817 905 1181 978 εὐτυχοῦντος
1207 914 1281 973 εἰς
1305 907 1443 978 δόρυ

289 991 667 1064 διολλύμεσθα
690 998 894 1065 μυρίον
918 990 966 1047 τ’
996 990 1161 1064 ἄλλης
1185 992 1342 1066 χερός
1358 1011 1368 1020 ·

287 1077 496 1142 πόλεως
524 1075 575 1133 δ’
608 1075 847 1148 ἁλούσης
870 1079 969 1132 καὶ
987 1084 1229 1151 Φρυγῶν
1253 1079 1625 1149 ἐφθαρμένων

195 1179 203 1188 ’
287 1164 492 1263 βρέφος
515 1159 733 1219 τοσόνδ’
764 1159 1030 1228 ἐδείσατ’;
1019 1160 1160 1218 ·οὐκ
1185 1168 1323 1218 αι’νῶ
1350 1161 1545 1233 φόβον,
1644 1177 1750 1221 1165

288 1245 433 1312 όστις
458 1254 709 1318 φοβεῖται
732 1245 804 1318 μὴ
832 1205 1132 1313 διεξελθὼν
1155 1246 1316 1321 λόγῳ.

291 1355 332 1386 ω
361 1330 611 1403 φίλταθ’,
645 1329 716 1396 ὤς
744 1348 830 1386 σοι
856 1332 1096 1396 θανατος
1120 1324 1261 1403 ἦλθε
1292 1331 1578 1403 δυστυχής.

290 1422 341 1472 εί
360 1440 460 1487 μεν
485 1440 588 1488 γαρ
617 1422 813 1480 ἔθανες
838 1415 943 1489 πρὸ
972 1416 1207 1488 πόλεως,
1235 1414 1373 1488 η’βης
1402 1417 1582 1486 τυχὼν

286 1500 477 1571 γάμων
501 1523 558 1556 τε
583 1503 675 1556 καὶ
698 1507 792 1572 τῆς
818 1503 1044 1556 ἰσοθέου
1067 1506 1413 1573 τυραννίδος,
1552 1570 1555 1572 Β

286 1583 551 1656 μακάριος
580 1578 714 1656 ἦσθ’
747 1583 842 1656 ἄν,
872 1593 992 1640 εἴτι
1015 1591 1192 1641 τῶνδε
1216 1585 1503 1656 μακάριον.
1644 1599 1752 1644 1170

285 1675 394 1725 νῦν
422 1665 479 1723 δ’
509 1665 634 1722 αὕτ’
657 1667 792 1722 ίδών
813 1667 912 1736 μὲν
937 1666 1107 1734 γνούς
1126 1687 1181 1719 τε
1201 1672 1264 1738 τῇ
1287 1672 1456 1738 ψυχῇ,
1487 1670 1699 1736 τέκνον,

290 1750 393 1809 οὐκ
419 1750 589 1824 οἶσθ’,
617 1754 825 1826 ἐχρήσω
852 1757 884 1809 δ
893 1751 906 1772 '
935 1751 1102 1809 οὐδὲν
1126 1757 1185 1809 ἐν
1209 1754 1396 1824 δόμοις
1423 1759 1578 1824 ἔχων.

290 1837 555 1908 δύστηνε,
582 1837 778 1910 κρατὸς
804 1835 875 1902 ὥς
900 1835 954 1893 σ’
985 1844 1196 1911 ἔκειρεν
1221 1836 1428 1902 ἀθλίως

287 1927 435 1992 τείχη
462 1929 712 1996 πατρῷα,
735 1925 937 1988 Λοξίου
963 1923 1317 1995 πυργώματα,

288 2003 354 2061 ὃν
378 2004 536 2062 πόλλ’
567 2004 823 2077 ἐκήπευσ’
853 2003 884 2078 ἡ
910 2014 1145 2064 τεκοῦσα
1171 2008 1476 2080 βόστρυχον
1644 2020 1749 2064 1175

291 2090 594 2196 φιλημασίν
618 2089 665 2146 τ’
697 2097 930 2162 ἔδωκεν,
960 2098 1128 2148 ἔνθεν
1153 2097 1349 2165 ἐκγελᾷ

289 2172 495 2231 ὀστέων
519 2177 800 2247 ραγέντων
825 2176 1024 2247 φόνος,
1055 2174 1128 2234 ἵν’
1158 2175 1351 2248 αἰσχρὰ
1375 2175 1446 2277 μὴ
1475 2176 1632 2247 λέγω.

290 2282 331 2314 ω
356 2273 557 2333 χειρες,
590 2283 660 2325 ως
686 2267 868 2326 εικους
890 2285 990 2332 μεν
1015 2258 1202 2332 ηδείας
1227 2259 1429 2332 πατρὸς

288 2342 571 2443 κέκτησθ’,
599 2348 659 2400 ἐν
683 2343 913 2418 αρθροις
940 2344 992 2401 δ’
1025 2352 1238 2401 ἔκλυτοι
1275 2343 1573 2415 πρόκεισθε
1598 2348 1724 2397 νῦν.

291 2450 332 2482 ω
357 2428 529 2484 πολλα
552 2429 795 2500 κόμπους
821 2428 1056 2532 ἐκβαλὸν
1080 2435 1245 2501 φίλον
1270 2428 1456 2499 στόμα,
1640 2439 1750 2483 1180

288 2508 522 2611 ὄλωλας,
553 2514 766 2580 ἐψεύσω
795 2512 851 2584 μ’
860 2557 872 2583 ,
901 2511 980 2569 ότ’
1011 2519 1308 2569 εισπίπτων
1331 2515 1500 2584 λε’χος,

289 2618 330 2650 ω
356 2602 550 2670 μῆτερ,
582 2596 780 2669 ηύδας,
810 2599 839 2670 ἦ
867 2598 1043 2653 πολύν
1067 2615 1151 2654 σοι
1174 2596 1493 2670 βοστρύχων

290 2681 570 2752 πλόκαμον
593 2689 860 2754 κεροῦμαι
885 2681 1021 2753 πρὸς
1044 2705 1222 2754 ταφον
1247 2679 1307 2737 θ’
1336 2680 1616 2753 ὁμηλίκων

289 2764 508 2835 κώμους
538 2767 741 2837 ἐπάξω,
771 2773 906 2839 φίλα
931 2765 1122 2832 διδοὺς
1147 2769 1598 2839 προσφθέγματα.

289 2847 358 2904 σὺ
388 2846 440 2904 δ’
470 2846 572 2904 οῦκ
599 2848 704 2921 ἔμ’,
738 2847 858 2906 ἀλλ’
886 2850 990 2922 ἐγώ
1017 2851 1076 2906 σὲ
1101 2849 1198 2907 τὸν
1221 2851 1494 2924 νεώτερον
1639 2863 1748 2905 1185
