2018 3117
81 263 172 316 IA.

757 119 1038 165 ΜΗΔΕΙΛ

267 250 310 313 a3
334 271 518 329 μῖσος,
546 250 589 313 ὦ
616 260 874 331 μέγιστον
897 262 1122 330 ἐχθίστη
1150 259 1315 331 γύναι

268 351 423 407 θεοῖς
447 365 504 398 τε
528 340 691 414 κάμοὶ
715 349 884 398 παντί
903 340 957 398 τ’
986 340 1307 414 ἀνθρώπων
1331 347 1498 418 γένει,

270 424 390 497 ἥτις
414 430 652 482 τέκνοισι
676 440 854 482 σοῖσιν
879 430 1137 498 ἐμβαλεῖν
1161 432 1316 499 ξίφος

272 517 426 583 ἔτλης
450 518 683 567 τεκοῦσα
717 508 845 582 κᾶμ’
875 509 1065 567 ἄπαιδ’
1098 510 1406 579 ἀπώλεσας·

269 597 362 651 καὶ
385 602 556 651 ταῦτα
582 593 811 669 δράσασ’
839 592 999 666 ἥλιόν
1022 620 1080 652 τε
1104 601 1467 670 προσβλέπεις

270 682 365 737 καὶ
387 694 578 752 γαῖαν,
606 687 768 751 ἔργον
792 686 962 736 τλᾶσα
988 685 1441 753 δυσσεβέστατον.

271 762 439 822 ὅλοι’·
468 764 572 836 ἐγώ
599 765 659 821 δὲ
681 770 789 820 νῦν
816 772 1035 837 φρονῶ,
1062 764 1174 822 τότ’
1204 765 1270 823 οὐ
1298 774 1525 840 φρονῶν

271 847 350 905 ὅτ’
388 853 446 904 ἐκ
473 849 660 920 δόμων
682 867 743 905 σε
767 849 1054 922 βαρβάρου
1078 849 1127 906 τ’
1157 849 1262 907 ἀπὸ
1289 851 1494 923 χθονὸς

255 931 479 1005 ’Ἕλλην’
509 937 562 999 ἐς
587 933 740 990 οἶκον
762 932 1004 1006 ἠγόμην,
1036 935 1209 991 κακὸν
1232 939 1388 1008 μέγα,

270 1018 473 1089 πατρός
496 1041 554 1074 τε
578 1022 670 1074 καὶ
695 1024 793 1090 γῆς
818 1017 1134 1092 προδότιν
1107 1018 1146 1091 η’
1173 1018 1224 1075 σ’
1255 1023 1545 1092 ἐθρέψατο.

271 1106 480 1159 τοιόνδ’
507 1101 763 1175 αλάστορ’
796 1110 871 1169 εἰς
901 1102 985 1175 ἔμ’
1015 1111 1262 1176 ἔσκηψαν
1286 1112 1441 1161 θεοί·

271 1193 549 1243 κτανοῦσα
574 1212 677 1260 γαρ
703 1185 770 1260 δὴ
796 1186 896 1244 σὸν
919 1189 1079 1245 κάσιν
1103 1193 1415 1262 παρέστιον,

270 1269 330 1327 τὸ
355 1278 740 1347 καλλίπρῳρον
766 1276 977 1345 εἰσέβης
1006 1271 1235 1346 Ἀργοῦς
1259 1275 1487 1345 σκάφος.

271 1354 417 1428 ἤρξω
442 1357 543 1427 μὲν
568 1360 627 1412 ἐκ
657 1362 916 1429 τοιῶνδε,
942 1368 1335 1429 νυμφευθεῖσα
1363 1360 1425 1415 δὲ

270 1438 401 1512 παρ’
431 1439 595 1513 ἀνδρὶ
620 1447 732 1517 τῷδ
738 1465 761 1497 ε
784 1445 877 1498 καὶ
906 1444 1140 1499 τεκοῦσά
1163 1466 1254 1515 μοι
1277 1445 1457 1515 τέκνα,

273 1523 440 1596 εὐνῆς
467 1529 617 1581 ἕκατι
641 1529 734 1581 καὶ
757 1529 948 1597 λέχους
973 1525 1070 1599 σφ’
1101 1525 1401 1593 ἀπώλεσας.

268 1606 371 1665 οὐκ
397 1616 545 1665 ἔστιν
566 1608 684 1682 ἥτις
707 1609 856 1666 τοῦτ’
887 1608 956 1667 ἄν
974 1610 1217 1683 Ἑλληνις
1241 1612 1384 1684 γυνὴ

269 1699 394 1766 ἔτλη
420 1693 576 1765 ποθ’,
605 1697 686 1750 ὠν
708 1718 772 1767 γε
795 1696 1045 1767 πρόσθεν
1068 1695 1312 1768 ηξίουν’
1286 1696 1392 1769 εγώ

268 1785 445 1850 γῆμαί
463 1797 523 1835 σε
538 1785 747 1852 ,κῆδος
771 1780 977 1853 ἐχθρὸν
1002 1779 1266 1854 ὀλέθριόν
1289 1779 1338 1836 τ’
1368 1785 1504 1853 ε’μοί,

270 1866 523 1935 λέαιναν,
548 1863 615 1921 οῦ
639 1879 905 1936 γυναῖκα,
931 1872 1026 1937 τῆς
1058 1871 1402 1938 Τυρσηνίδος

269 1949 530 2020 Σκύλλης
556 1956 792 2020 ἔχουσαν
817 1947 1161 2023 ἆγριωτέραν
1189 1951 1376 2022 φύσιν.

270 2030 392 2088 ἀλλ’
426 2031 492 2088 οῦ
522 2032 627 2107 γὰρ
652 2032 722 2090 ἄν
747 2052 807 2090 σε
831 2042 1049 2107 μυρίοις
1075 2032 1317 2092 ὀνείδεσι

271 2117 520 2189 δάκοιμι·
546 2117 756 2175 τοιόνδ’
786 2122 1075 2192 ἐμπέφυκέ
1092 2139 1179 2177 σοι
1208 2121 1418 2194 θράσος
1435 2140 1446 2151 ·

272 2200 410 2274 ἔρρ’,
437 2204 750 2276 αἰσχροποιὲ
774 2207 867 2261 καὶ
890 2207 1101 2261 τέκνων
1124 2205 1402 2278 μιαιφόνε.

272 2289 391 2358 ἐμοὶ
415 2287 476 2343 δὲ
498 2287 596 2345 τὸν
620 2288 752 2361 ε’μόν
776 2287 993 2363 δαίμον’
1023 2291 1227 2359 αἰάζειν
1249 2290 1412 2362 πάρα,

273 2367 331 2435 ὃς
356 2370 484 2428 οὔτε
508 2376 753 2445 λέκτρων
775 2376 1065 2446 νεογάμων
1090 2372 1372 2448 ὀνήσομαι,

276 2452 342 2510 οὐ
367 2463 565 2524 παῖδας
590 2455 687 2525 οὓς
712 2466 892 2530 ἔφυσα
917 2458 1346 2530 κάξεθρεψάμην

274 2543 373 2606 ἔξω
397 2557 716 2614 προσειπεῖν
741 2551 968 2613 ζῶντας,
998 2542 1118 2600 ἀλλ’
1149 2542 1421 2600 ἀπώλεσα.

89 2629 222 2683 ΜΗ.
269 2625 486 2696 μακρὰν
508 2623 578 2683 ἂν
602 2632 839 2696 ἐξέτεινα
862 2627 1036 2684 τοῖσδ’
1066 2632 1318 2684 ἐναντίον

275 2709 549 2783 λόγοισιν,
576 2718 626 2768 εἰ
645 2712 717 2785 μὴ
744 2712 886 2778 Ζεῦς
912 2711 1090 2785 πατὴρ
1117 2710 1380 2785 ἠπίστατο

275 2789 347 2849 οἷ’
381 2795 433 2859 ἐξ
461 2797 594 2867 ἐμοῦ
619 2800 902 2865 πέπονθας
926 2794 1014 2853 οἷά
1037 2794 1086 2852 τ’
1118 2798 1380 2872 εἰργάσω·

1628 118 1726 172 23Ἲ

1624 444 1733 487 1325

1627 866 1734 909 1330

1632 1289 1738 1331 1335

1633 1712 1738 1754 1340

1632 2133 1737 2178 1345

1633 2556 1740 2600 1350
