2018 3117
82 495 192 545 XO.

771 95 1085 142 ΟΡΕΣΤΗΣ
1627 94 1724 146 ’267

266 233 428 307 γάμοι
453 231 505 289 δ’
538 231 686 299 ὅσοις
707 235 809 305 μὲν
833 236 896 289 εὐ
922 240 1256 291 καθεστᾶσιν
1281 241 1515 307 βροτῶν,

264 317 527 392 μακάριος
549 317 712 373 αι’ω’ν·
742 314 823 383 οἷς
846 318 907 374 δὲ
930 316 1002 390 μὴ
1027 325 1322 374 πίπτουσιν
1347 321 1428 389 εὑ,

266 402 331 458 τά
355 399 404 457 τ’
435 406 598 458 ἔνδον
625 404 729 457 εἰσι
755 402 821 457 τά
845 425 902 457 τε
925 402 1132 473 θύραζε
1158 407 1462 473 δυστυχεῖς.

265 484 351 542 ἀεὶ
374 499 633 558 γυναῖκες
658 485 913 557 ἐμποδών
937 498 1052 549 ταῖς
1071 500 1381 558 συμφοραῖς
1644 499 1726 544 605

267 577 482 643 ἔφυσαν
509 568 732 640 ἀνδρῶν
759 568 895 640 πρὸς
919 567 978 625 τὸ
1006 573 1456 644 δυστυχεᾛστερον

84 640 190 711 TY.
260 658 377 711 ἐπεὶ
405 654 678 727 θρασύνει
705 651 842 724 κούχ
869 651 1190 709 ὑποστέλλει
1213 654 1377 729 λόγῳ,

267 737 411 795 οὕτω
437 736 491 794 δ’
520 736 734 810 ἀμείβει
758 735 816 808 μ’
847 735 986 793 ὥστε
1012 735 1069 808 μ’
1100 735 1334 810 ἀλγῆσαι
1360 743 1556 811 φρένα,

264 823 472 895 μᾶλλόν
496 819 554 893 μ’
583 818 811 888 ἀνάψεις
835 823 922 877 ἐπὶ
946 820 1047 878 σὸν
1070 825 1316 888 ἐξελθεῖν
1342 823 1520 893 φόνον
1536 844 1547 854 ·

266 906 438 963 καλὸν
464 907 743 977 πάρεργον
767 903 821 961 δ’
849 903 983 961 αὐτὸ
1011 906 1253 977 θήσομαι
1276 906 1465 962 πόνων
1647 924 1728 966 610

269 984 348 1047 ὧν
389 993 553 1047 εἵνεκ’
593 982 773 1061 ἦλθον
796 992 1038 1061 θυγατρὶ
1063 992 1357 1064 κοσμήσων
1383 991 1577 1063 τάφον.

266 1074 451 1147 μολών
474 1072 577 1146 γὰρ
605 1080 680 1140 είς
706 1081 968 1145 ἔκκλητον
987 1073 1250 1146 Ἀργείων
1276 1072 1438 1146 ὄχλον

270 1162 505 1216 ἑκοῦσαν
532 1155 632 1230 οὐχ
657 1162 895 1215 ἑκοῦσαν
926 1163 1181 1215 ἐπισείσω
1208 1160 1371 1215 πόλιν

271 1245 356 1299 σοὶ
379 1250 446 1316 σῇ
472 1241 522 1298 τ’
551 1240 793 1316 ἀδελφῇ,
823 1244 1086 1315 λεύσιμον
1112 1249 1308 1300 δοῦναι
1333 1249 1511 1314 δίκην.

267 1334 473 1399 μᾶλλον
503 1324 558 1383 δ’
588 1331 768 1399 ἐκείνη
797 1333 898 1383 σοῦ
926 1337 1126 1384 θανεῖν
1159 1332 1374 1399 ἐπαξία,
1646 1344 1728 1386 615

267 1409 303 1483 ἢ
326 1419 391 1484 τῇ
414 1411 647 1485 τεκούσῃ
678 1409 731 1468 σ’
759 1409 1012 1485 ἠγρίωσ’,
1054 1415 1107 1472 ἐς
1138 1405 1233 1477 οὖς
1262 1409 1347 1467 ἀεὶ

267 1498 553 1567 πέμπουσα
575 1496 794 1566 μύθους
820 1498 907 1552 ἐπὶ
931 1495 990 1551 τὸ
1019 1499 1467 1569 δυσμενέστερον,

268 1577 508 1652 ὀνείρατ’
540 1578 879 1651 ἀγγέλλουσα
903 1578 1325 1652 ταγαμέμνονος,

269 1666 361 1720 καὶ
389 1662 554 1720 τοῦθ’
585 1662 617 1720 ὂ
643 1666 931 1738 μισήσειαν
958 1672 1237 1737 Αἰγίσθου
1266 1667 1418 1735 λέχος

270 1754 326 1805 οἱ
344 1752 591 1849 νέρτεροι
615 1756 767 1820 θεοί,
798 1773 891 1805 και
914 1774 1018 1823 γαρ
1045 1747 1242 1806 ενθάδ’
1270 1750 1340 1820 ἠν
1365 1749 1580 1821 πικρόν,
1643 1763 1729 1807 620

275 1837 375 1899 ἕως
401 1830 592 1904 υφῆψε
622 1833 763 1905 δωμ’
796 1832 1116 1908 άνηφαίστω
1147 1841 1299 1907 πυρί.

271 1920 553 1987 Μενέλαε,
580 1921 665 1974 σοὶ
691 1919 751 1974 δὲ
775 1918 904 1974 τάδε
926 1921 1066 1989 λέγω
1094 1919 1278 1989 δράσω
1309 1941 1367 1973 τε
1396 1918 1558 1991 πρός·

273 2008 324 2057 εἰ
343 1998 549 2072 τούμὸν
574 2008 734 2073 ἔχθος
759 2007 1052 2075 ἐναριθμεῖ
1071 2003 1239 2074 κῆδός
1265 1999 1315 2058 τ’
1343 2003 1491 2074 ε’μόν,

272 2085 342 2159 μὴ
372 2083 504 2160 τῷδ’
534 2083 768 2158 ἆμύνειν
793 2086 970 2159 φόνον
994 2092 1245 2144 ἐναντίον
1268 2096 1422 2153 θεοῖς
1438 2106 1448 2116 ·

272 2177 357 2242 [ἔα
384 2172 433 2224 δ’
463 2171 557 2224 ὑπ’
587 2172 768 2224 άστων
793 2179 1283 2241 καταφονευθῆναι
1308 2175 1544 2243 πέτροις,
1547 2184 1569 2245 j
1647 2187 1731 2230 625

182 2268 185 2269 ⁷
270 2249 306 2325 ἦ
332 2252 405 2325 μὴ
428 2251 669 2324 ’πίβαινε
691 2255 1094 2327 Σπαρτιάτιδος
1121 2254 1339 2327 χθονός.

88 2598 192 2649 ΟΡ.

274 2336 492 2394 τοσαῦτ’
520 2335 758 2405 ἀκούσας
788 2348 932 2411 ἴσθι,
959 2341 1096 2412 μηδὲ
1127 2346 1411 2410 δυσσεβεῖς

271 2425 365 2494 ἕλῃ
390 2422 645 2495 παρώσας
672 2422 1092 2497 εὐσεβεστέρους
1122 2431 1344 2496 φίλους·

271 2503 408 2578 ἡμᾶς
434 2504 488 2562 δ’
520 2505 614 2563 ἀπ’
644 2518 814 2564 οἴκων
843 2505 1002 2578 ἄγετε
1031 2513 1236 2577 τῶνδε,
1266 2508 1586 2580 πρόσπολοι.

266 2587 452 2661 στεῖχ’,
483 2589 554 2657 ὦς
584 2589 880 2665 ἀθορύβως
909 2591 1122 2649 οὑπιών
1150 2590 1282 2664 ἡμῖν
1308 2591 1467 2663 λόγος
1647 2606 1733 2651 630

272 2672 408 2746 πρὸς
431 2673 583 2730 τόνδ’
613 2681 818 2748 ἵκηται,
845 2683 1014 2748 γῆρας
1038 2674 1348 2749 ἀποφυγών
1371 2675 1430 2733 τὸ
1460 2675 1576 2732 σόν.

272 2759 555 2830 ἰἉενέλαε,
587 2774 687 2816 ποῖ
708 2760 809 2818 σὸν
837 2759 966 2817 πόδ’
996 2763 1085 2817 ἐπὶ
1114 2767 1348 2834 συννοίᾳ
1370 2767 1607 2832 κυκλεῖς,

273 2847 468 2915 διπλῆς
493 2849 757 2916 μερίμνης
782 2845 1078 2916 διπτύχους
1106 2844 1208 2901 ἰῶν
1237 2841 1432 2911 ὁδούς;
