2018 3117
279 94 380 147 436

911 96 1291 142 ΦΟΙΝΙΣΣΛΙ

472 235 861 307 ἐμαρνάμεσθα
890 233 1222 305 σφενδόναις
1246 232 1310 291 θ’
1344 235 1626 306 ἑκηβόλοις

471 326 687 391 πετρῶν
710 316 758 374 τ’
787 317 1075 391 ἀραγμοῖς·
1105 317 1177 384 ῶς
1205 317 1257 374 δ’
1288 323 1557 390 ἐνικῶμεν
1580 321 1739 395 μάχῃ,

472 407 695 475 ἔκλαγξε
727 402 939 467 Τυδεὺς
971 400 1046 472 χῶ
1080 403 1173 469 σὸς
1203 406 1462 476 ἐξαίφνης
1486 405 1672 476 γόνος·

473 482 519 543 a}
540 490 703 544 τέκνα
725 494 995 558 Δαναῶν,
1027 490 1160 560 πρὶν
1187 489 1520 555 κατεξάνθαι
1549 495 1753 561 βολαῖς,
1825 505 1933 547 1145

469 579 526 628 τί
546 571 757 644 μέλλετ’
787 571 964 646 ἄρδην
990 572 1188 638 πάντες
1218 577 1504 645 ἐμπίπτειν
1529 574 1745 645 πύλαις,

469 663 742 729 γυμνῆτες
767 662 934 728 ἱππῆς
971 654 1228 728 ἁρμάτων
1254 655 1304 714 τ’
1334 658 1643 725 ἐπιστάται;
1860 667 1905 714 θ

471 740 603 814 ἠχῆς
628 740 679 798 δ’
710 740 858 808 ὅπως
883 740 1156 813 ἥκουσαν,
1183 741 1333 809 οὔτις
1359 741 1524 815 ἀργὸς
1548 735 1642 814 ἦν·

472 829 663 883 πολλοὶ
689 825 741 883 δ’
771 833 999 883 ἔπιπτον
1024 833 1225 898 κρᾶτας
1251 828 1654 899 αἱματούμενοι,

471 909 629 984 ἡμῶν
652 910 700 968 τ’
729 915 781 977 ἐς
807 905 974 977 οὖδας
1004 911 1143 978 εἶδες
1170 909 1239 968 ἄν
1268 911 1373 984 πρὸ
1400 915 1623 983 τειχέων
1827 927 1939 970 1150

472 995 719 1063 πυκνοὺς
743 1003 1142 1069 κυβιστητῆρας
1167 998 1621 1068 ἐκπεπνευκότας,

473 1079 643 1153 ξηρὰν
667 1079 719 1137 δ’
751 1087 947 1137 ἔδευον
971 1095 1133 1152 γαῖαν
1156 1087 1379 1153 αἵματος
1406 1085 1573 1153 ῥοαῖς.

471 1164 498 1222 ὁ
526 1164 577 1221 δ’
606 1164 825 1238 Ἀρκάς,
853 1164 955 1222 οὐκ
976 1164 1245 1237 Ἀργεῖος,
1269 1164 1590 1238 Ἀταλάντης
1619 1167 1780 1238 γόνος

473 1249 662 1322 τυφῶς
687 1251 950 1308 πύλαισιν
976 1248 1048 1315 ῶς
1072 1275 1150 1317 τις
1179 1250 1430 1323 ἐμπεσών
1461 1257 1565 1325 βοᾷ

470 1341 581 1407 πῦρ
606 1338 697 1391 καὶ
720 1338 990 1407 δικέλλας,
1008 1333 1078 1401 ὠς
1103 1337 1469 1402 κατασκάψων
1497 1336 1684 1392 πόλιν·
1830 1351 1938 1393 1155

470 1417 590 1475 ἀλλ’
620 1426 741 1491 ἔσχε
764 1418 1043 1493 μαργῶντ’
1075 1419 1246 1476 αὐτὸν
1274 1424 1498 1478 ἐναλίου
1523 1426 1665 1477 θεοῦ

470 1506 884 1577 Περικλύμενος
908 1519 1033 1571 παῖς
1056 1512 1196 1561 λᾶαν
1221 1505 1476 1578 ἐμβαλῶν
1503 1506 1646 1581 κάρα

471 1587 858 1662 ἁμαξοπληθῆ,
890 1588 1027 1661 γεϊσ’
1058 1591 1333 1657 ἐπάλξεων
1359 1589 1492 1646 ἄπο·

473 1674 683 1742 ξανθὸν
709 1676 770 1732 δὲ
793 1681 964 1746 κρᾶτα
991 1675 1289 1731 διεπάλυνε
1314 1678 1405 1731 καὶ
1437 1675 1616 1747 ῥαφὰς

471 1763 698 1832 ἔρρηξεν
719 1759 952 1831 ὀστέων,
982 1758 1104 1832 ἄρτι
1131 1758 1184 1816 δ’
1217 1760 1460 1816 οἰνωπὸν
1485 1762 1656 1831 γένυν
1829 1774 1938 1819 1160

470 1846 896 1918 καθῃμάτωσεν·
927 1842 1052 1901 οὐδ’
1083 1843 1365 1901 ἀποίσεται
1391 1851 1518 1917 βίον

471 1936 536 2002 τῇ
560 1929 857 2005 καλλιτόξῳ
882 1932 1045 2001 μητρὶ
1069 1931 1368 1986 Μαινάλου
1395 1930 1550 2002 κόρῃ.

474 2016 591 2069 ἐπεὶ
619 2016 678 2070 δὲ
700 2013 855 2071 τάσδ’
891 2020 1124 2071 εἰσεῖδεν
1150 2013 1396 2086 εὐτυχεῖς
1420 2014 1612 2084 πύλας,

474 2095 639 2164 ἄλλας
667 2101 818 2172 ἐπῄει
842 2112 967 2164 παῖς
992 2101 1110 2171 σός,
1141 2100 1372 2172 εἱπόμην
1398 2097 1449 2155 δ’
1478 2099 1599 2170 ἐγώ.

473 2180 583 2255 ὁρῶ
611 2184 671 2239 δὲ
706 2186 854 2252 Τυδῆ
896 2187 988 2240 καὶ
1013 2184 1388 2257 παρασπιστὰς
1412 2183 1658 2248 πυκνοὺς
1829 2197 1938 2241 1165

477 2273 776 2324 Αἰτωλίσιν
799 2268 1081 2339 λόγχαισιν
1108 2275 1184 2334 εἰς
1208 2267 1379 2339 ἄκρον
1404 2269 1574 2339 στόμα

474 2353 706 2424 πύργων
729 2351 1137 2424 ἀκοντίζοντας,
1169 2350 1295 2409 ὥστ’
1327 2353 1602 2419 ἐπάλξεων

473 2444 654 2494 λιπεῖν
678 2441 902 2510 ἐρίπνας
933 2439 1209 2509 φυγάδας·
1244 2436 1380 2493 ἀλλά
1404 2462 1494 2493 νιν
1519 2438 1701 2509 πάλιν,

472 2522 712 2594 κυναγὸς
737 2520 894 2593 ῶσεί,
922 2537 1048 2588 παῖς
1072 2523 1166 2588 σὸς
1195 2526 1578 2595 ἐξαθροίζεται,

475 2607 707 2678 πύργοις
733 2604 778 2663 δ’
805 2605 1045 2679 ἐπέστησ’
1073 2601 1255 2673 αὖθις.
1285 2615 1358 2674 εἰς
1384 2605 1429 2664 δ’
1456 2605 1621 2672 ἄλλας
1645 2607 1937 2672 πύλας1170

474 2689 879 2763 ἠπειγόμεσθα,
905 2699 1066 2748 τοῦτο
1092 2694 1398 2758 παύσαντες
1422 2698 1644 2748 νοσοῦν.

475 2775 770 2841 Καπανεὺς
796 2777 856 2832 δὲ
881 2784 995 2842 πῶς
1022 2776 1222 2849 εἴποιμ’
1256 2775 1324 2833 ἂν
1350 2775 1420 2843 ῶς
1446 2780 1729 2848 ἐμαίνετος

474 2862 849 2934 μακραύχενος
872 2861 975 2934 γὰρ
1002 2869 1261 2934 κλίμακος
1286 2862 1692 2936 προσαμβάσεις
