2018 3117
108 524 218 573 Χο.

103 661 222 740 ΗΛ.

100 777 217 825 XO.

107 860 218 909 HA!

101 1029 216 1078 XO.

108 1449 217 1498 XO.

107 1532 218 1582 HA.

100 1702 212 1751 XO.

99 1786 215 1835 HA.

98 2038 210 2088 ΧΟ.

779 124 1091 171 ΟΡΕΣΤΗΣ
1652 123 1751 174 253

293 265 494 336 κάταγε
518 263 745 336 κάταγε,
772 262 998 337 πρόσιθ’
1029 262 1289 336 ἀτρέμας,
1317 261 1550 339 άτρεμας
1576 273 1690 321 ἴθι·

294 349 461 419 λόγον
487 346 688 413 ἀπόδος
711 345 800 420 ἐφ’
831 346 862 405 ό
885 373 935 404 τι
958 351 1112 419 χρέος
1137 348 1360 420 ἐμόλετέ
1378 370 1523 404 ποτε.
1671 366 1752 406 150

290 433 484 505 χρόνια
507 432 610 504 γὰρ
636 432 819 489 πεσών
842 429 926 488 ὅδ’
957 430 1250 499 εὐνάζεται.

287 523 401 582 πῶς
427 523 563 587 ἔχεις
589 517 758 588 λόγου
783 517 1038 588 μετάδος,
1070 510 1112 572 ὦ
1139 523 1290 588 φίλα,
1492 514 1609 574 άντ.

293 606 432 668 [τίνα
439 601 625 706 τύχαν
653 610 786 657 εἴπω
803 607 833 668 ;]
858 607 981 656 τίνα
1007 601 1068 656 δε
1091 601 1416 673 συμφοράν;

292 692 369 741 ε”τι
394 709 494 756 μεν
521 687 765 784 ἐμπνέει,
792 683 968 757 βραχὺ
996 683 1048 740 δ’
1079 683 1380 743 ἀναστένει.
1672 702 1751 743 155

287 776 345 824 τι’
365 770 497 840 φής·
485 813 498 837 ,
527 772 567 824 ω
593 769 769 833 τάλας.

290 851 458 924 ὀλεῖς,
489 860 538 909 εἰ
565 856 815 925 βλέφαρα
839 853 1078 926 κινήσεις
1106 857 1288 910 ὕπνου

285 935 636 1001 γλυκυτάταν
663 939 950 1008 φερομένῳ
978 940 1157 1007 χάριν,

288 1024 476 1092 μέλεος
501 1026 770 1093 ἐχθίστων
794 1022 1005 1078 θεόθεν
1030 1023 1328 1095 ἐργμάτων,
1668 1038 1751 1081 160

290 1106 468 1171 τάλας.
493 1113 616 1162 ΗΛ.
647 1112 755 1177 φεῦ
780 1107 1023 1177 μόχθων.

290 1188 477 1255 ἄδικος
506 1189 670 1246 ἄδικα
693 1189 803 1246 τότ’
835 1189 923 1261 ἄρ’
953 1198 1146 1248 ἔλακεν
1173 1199 1394 1263 ἔλακεν,
1422 1191 1561 1249 άπό-

291 1298 467 1344 φονον
492 1272 570 1331 ὅτ’
601 1277 688 1331 ἐπὶ
713 1281 931 1347 τρίποδι
958 1279 1189 1348 Θέμιδος
1215 1275 1303 1348 ἄρ’
1332 1282 1550 1335 ἐδίκασε

291 1358 468 1429 φόνον
493 1357 520 1415 ὁ
546 1363 794 1426 Λοξιάς’
769 1366 896 1431 εμᾶς
919 1363 1164 1432 ματέρος.
1669 1375 1749 1418 165

284 1441 441 1516 ὁρᾷς·
429 1487 442 1510 ,
469 1447 528 1499 ἐν
555 1447 806 1500 πέπλοισι
832 1459 979 1501 κινει
998 1448 1178 1516 δε’.μας
1520 1465 1634 1517 στρ.

290 1526 359 1582 σὺ
389 1527 491 1599 γάρ
515 1552 634 1598 νιν,
664 1530 704 1583 [ὁ
731 1529 975 1597 τάλαινα,

286 1609 533 1678 θωῦξασ’
564 1619 752 1684 ἔβαλες
776 1611 878 1680 ἐξ
853 1611 1052 1670 ν’πνου.

285 1693 472 1752 εὕδειν
497 1697 597 1767 μὲν
626 1690 730 1752 οὖν
755 1701 928 1764 ἔδοξα.

290 1778 392 1836 οὐκ
419 1778 516 1851 ἀφ’
546 1779 730 1852 ἡμῶν,
759 1780 861 1837 οὐκ
887 1780 982 1838 ἀπ’
1011 1791 1182 1840 οἴκων
1667 1799 1748 1842 170

285 1865 448 1920 πάλιν
476 1862 581 1937 ἄρα
604 1869 881 1937 μεθεμένα
904 1866 1118 1924 κτύπου

287 1948 431 2004 πόδα
455 1948 555 2005 σὸν
584 1954 824 2017 εἶλίξειςς

282 2031 579 2089 ὑπνώσσει.
603 2042 726 2090 ΗΛ.
752 2037 926 2106 λέγεις
952 2028 1032 2092 εὖ.

282 2118 503 2188 πότνια,
531 2118 726 2175 πότνια
747 2119 864 2189 νύξ,

282 2199 646 2275 ὑπνοδότειρα
669 2210 779 2259 τῶν
803 2205 1134 2262 πολυπόνων
1158 2212 1389 2279 βροτῶν,
1665 2220 1745 2266 175

286 2286 551 2358 ἐρεβόθεν
576 2297 687 2359 ἴθι,
714 2289 846 2360 μόλε
869 2290 1002 2361 μόλε
1026 2291 1360 2364 κατάπτερος

282 2369 379 2426 τὸν
395 2368 824 2444 Ἀγαμεμνόνιον
849 2377 937 2430 ἐπὶ
967 2375 1155 2446 δόμον.

286 2452 394 2510 ὑπὸ
421 2456 524 2528 γὰρ
552 2454 766 2529 άλγέων
789 2456 900 2515 ὑπό
923 2482 981 2515 τε
1004 2466 1293 2530 συμφορᾶς
1663 2476 1744 2519 180

284 2539 611 2611 διοιχόμεθ’,
640 2543 919 2613 οἰχόμεθα.
948 2543 1160 2598 κτύπον
1183 2541 1408 2616 ἠγάγετ’
1428 2563 1439 2574 ·
1466 2544 1590 2616 ουχὶ
1617 2558 1743 2617 σῖγα

283 2636 408 2694 σῖγα
433 2629 821 2698 φυλασσομένα

283 2707 544 2778 στόματος
569 2707 909 2767 άνακέλαδον
934 2713 1041 2768 ἀπὸ
1066 2714 1247 2783 λέχεος
1271 2710 1303 2784 ἣ
1323 2749 1354 2755 -
1660 2727 1740 2770 185

284 2813 454 2863 συχον
477 2790 660 2849 ὕπνου
684 2796 844 2868 χάριν
868 2798 1142 2875 παρέξεις,
1169 2802 1337 2868 φι’λα;

603 2892 859 2937 166-186
880 2911 950 2933 =
973 2895 1053 2938 187
1071 2918 1130 2924 -
1145 2897 1228 2940 207
