2018 3117
123 246 242 294 110.

127 1167 229 1216 ΕΚ

793 98 1144 145 ΤΡΩΙΑΔΕΣ

312 244 459 294 ἔσται
483 235 602 292 τάδ’
622 256 632 266 ·
660 235 692 308 ἡ
718 236 871 309 χάρις
893 235 996 309 γὰρ
1025 233 1092 291 ού
1119 240 1345 307 μακρῶν
1372 234 1554 306 λόγων

312 326 510 377 δεῖται·
537 321 748 392 ταράξω
776 322 1006 391 πέλαγος
1029 316 1428 390 Λίγαίαςᾶλός.

313 403 470 461 ἀκταὶ
495 405 555 460 δὲ
575 404 848 460 Μυκόνου
872 403 1077 473 Δήλιοί
1095 427 1152 459 τε
1173 403 1422 476 χοιράδες

1663 95 1764 145 349

312 489 533 562 Σκῦρός
557 512 614 544 τε
642 491 860 558 Λῆμνός
883 485 944 542 θ’
976 491 1035 541 αἱ
1052 487 1368 559 Καφήρειοί
1385 485 1434 542 τ’
1464 484 1627 560 ἄκραι
1712 499 1768 543 90

312 579 530 628 πολλῶν
558 572 849 628 θανόντων
873 568 1086 640 στόμαθ’
1117 574 1335 638 ἕξουσιν
1356 577 1589 643 νεκρῶν.

315 654 433 712 ἀλλ’
469 654 590 727 ἕρπ’
609 654 895 726 ’Όλυμπον
919 656 1010 709 καὶ
1034 661 1363 727 κεραυνίους
1386 654 1551 727 βολὰς

314 746 560 811 λαβοῦσα
583 738 784 809 πατρὸς
809 741 867 793 ἐκ
889 744 1066 809 χερῶν
1091 738 1400 811 καραδόκει,

314 822 445 879 ὅταν
468 820 760 895 στράτευμ’
787 820 1032 893 Ἀργεῖον
1055 825 1168 894 ἐξιῇ
1193 822 1385 888 κάλως.

312 914 493 979 μῶρος
520 907 580 962 δὲ
603 913 830 979 θνητῶν
854 903 999 970 ὅστις
1028 909 1298 977 ἐκπορθεῖ
1320 906 1521 977 πόλεις,

313 991 479 1056 ναούς
504 1015 561 1046 τε
587 992 829 1062 τύμβους
853 989 934 1060 θ’,
964 989 1082 1060 ἱερὰ
1107 995 1217 1045 τῶν
1242 992 1610 1062 κεκμηκότων,

313 1078 508 1149 ἐρημίᾳ
532 1074 662 1141 δοὺς
693 1073 855 1139 αὐτὸς
881 1072 1049 1131 ὤλεθ’
1082 1072 1330 1146 ὕστερον.

313 1157 418 1214 ἅνα
443 1160 748 1230 δύσδαιμον
773 1160 1016 1215 πεδόθεν
1038 1158 1303 1230 κεφαλήν,

314 1244 530 1314 ἐπάειρε
555 1246 747 1315 δέρην·
776 1240 960 1298 οὐκέτι
992 1249 1159 1313 Τροία

314 1328 443 1383 τάδε
468 1329 559 1383 καὶ
583 1335 807 1399 βασιλῆς
848 1330 1009 1398 ἐσμεν
1039 1332 1251 1396 Τροίας.

315 1414 792 1482 μεταβαλλομένου
818 1415 1075 1483 δαίμονος
1099 1407 1313 1481 ἀνέχου.

315 1503 444 1551 πλεῖ
462 1494 599 1551 κατὰ
623 1495 905 1567 πορθμόν,
932 1501 1058 1550 πλεῖ
1077 1493 1212 1550 κατὰ
1238 1499 1485 1567 δαίμονα,

317 1581 454 1650 μηδὲ
478 1586 751 1650 προσίστω
778 1585 1005 1654 πρῷραν
1029 1579 1219 1650 βιότου

315 1662 451 1735 πρὸς
473 1670 622 1735 κῦμα
649 1665 889 1719 πλέουσα
913 1663 1178 1733 τύχαισιν.

317 1753 433 1803 αἰαῖ
454 1754 583 1804 αιάῖ.

315 1839 372 1886 τί
391 1856 495 1904 γαρ
523 1830 589 1887 οὐ
615 1831 761 1904 πάρα
784 1854 874 1902 μοι
899 1832 1063 1905 μελέα
1088 1831 1384 1902 στενάχειν,

318 1909 353 1987 ᾗ
379 1918 571 1989 πάτρις
597 1922 744 1988 ε’ρρει
769 1918 861 1970 καὶ
887 1921 1049 1971 τέκνα
1073 1917 1164 1970 καὶ
1188 1915 1370 1982 πόσιςς

321 2001 361 2054 ῶ
387 1999 558 2065 πολὺς
584 1997 744 2070 όγκος
769 1999 1193 2070 συστελλόμενος

812 2081 1102 2104 22222

316 2174 373 2223 τί
393 2192 460 2239 με
480 2168 582 2242 χρὴ
608 2175 797 2239 σιγᾶν,
823 2175 881 2224 τί
899 2170 960 2225 δε
985 2166 1057 2239 μὴ
1082 2175 1270 2239 σιγᾶν;

319 2259 378 2309 τί
402 2253 462 2308 δὲ
484 2259 791 2326 θρηνῆσαι;

319 2337 584 2409 δύστηνος
608 2336 711 2408 ἐγώ
737 2343 830 2409 τῆς
855 2342 1259 2409 βαρυδαίμονος

321 2419 551 2493 ἄρθρων
576 2429 830 2491 κλίσεως,
862 2418 932 2485 ῶς
956 2420 1249 2491 διάκειμαι,

319 2502 450 2559 νῶτ’
480 2508 538 2560 ἐν
561 2518 804 2578 στερροῖς
830 2507 1100 2575 λέκτροισι
1124 2500 1354 2559 ταθεῖσ’.

323 2597 466 2659 οἴμοι
490 2597 757 2661 κεφαλῆς,
784 2597 927 2659 οἴμοι
950 2588 1243 2661 κροτάφων

321 2679 577 2744 πλευρῶν
599 2672 681 2745 θ’,
710 2671 781 2738 ῶς
806 2695 896 2744 μοι
919 2673 1092 2737 πόθος
1119 2674 1308 2738 εἱλίξαι

323 2758 415 2811 καὶ
441 2761 731 2813 διαδοῦναι
755 2762 935 2813 νῶτον
959 2753 1212 2812 ἄκανθάν
1235 2753 1284 2812 τ’

323 2846 398 2906 εἰς
423 2838 765 2916 ἀμφοτέρους
787 2847 1004 2912 τοίχους
1027 2841 1237 2912 μελέων

1715 920 1769 963 95

1691 1342 1772 1383 100

1692 1760 1772 1802 105

1692 2181 1774 2222 110

1699 2598 1772 2641 115
