2018 3117
257 97 358 148 442
877 97 1253 144 ΦΟΙΝΙΣΣΑΙ

261 247 366 295 ΚΡ.
442 248 614 311 οἴμοι,
640 236 699 292 τὸ
727 237 828 308 μὲν
852 249 1079 309 σημεῖον
1104 242 1299 308 εἰσορῶ
1325 237 1467 307 τόδε,

444 320 786 394 σκυθρωπὸν
810 318 955 393 ὄμμα
981 323 1073 377 καὶ
1096 321 1392 393 πρόσωπον
1416 318 1651 392 ἀγγέλου

444 413 777 478 στείχοντος,
804 402 863 471 ὃς
888 412 998 462 πᾶν
1023 403 1247 477 ἀγγελεῖ
1266 404 1326 462 τὸ
1354 406 1658 479 δρώμενον.

253 500 356 549 ΑΓ
352 499 411 548 Γ
440 494 480 547 ῶ
507 492 670 557 τάλας
695 514 818 563 εγω,
834 515 920 546 τιν
961 500 1094 547 εἰπω
1119 486 1352 562 μῦθονῆ
1375 497 1527 555 τίνας
1554 494 1744 560 γόους;
1800 504 1909 549 1335

252 585 362 633 ΚΡ.
440 576 665 648 οἰχοιιεσ
663 573 732 631 θ
755 599 858 631 ουκ
873 574 1251 647 εὐπροσώποις
1266 582 1544 648 φροιμίοις
1557 599 1624 647 αο
1627 598 1710 646 χει
1723 574 1908 648 λόγου.

252 668 412 717 ΑΓΓ.
440 663 481 717 ώ
507 662 697 731 τάλας,
725 665 925 726 δισσῶς
951 658 1126 716 ἀυτῶ·
1159 659 1367 733 μεγάλα
1390 659 1494 732 γὰρ
1522 662 1673 732 φέρω
1698 659 1854 715 κακά.

251 754 362 802 ΚΡ.
439 744 575 817 πρὸς
590 748 1057 819 πεπραγμένοισιν
1071 742 1255 811 άλλοις
1269 745 1540 817 πήμασιν;
1568 747 1743 816 λέγεις
1757 744 1818 800 δε
1830 750 1910 812 τίς

251 838 411 887 ΑΓΓ.
440 828 621 887 οὐκέτ’
653 833 756 886 εἰσὶ
783 837 878 902 σῆς
913 828 1156 902 ἀδελφῆς
1180 834 1372 896 παῖδες
1395 834 1454 886 ἐν
1481 830 1628 902 φάει,
1653 831 1854 902 Κρέον.

254 923 360 971 ΚΡ.
438 921 576 971 αἰαῖ·
601 960 603 962 -
1801 926 1913 972 1340

446 1001 654 1072 μεγάλα
679 1023 770 1072 μοι
797 1009 987 1072 θροεῖς
1013 1000 1197 1056 πάθεα
1222 1002 1313 1055 καὶ
1339 1000 1512 1056 πόλει.

440 1079 484 1141 ῶ
509 1082 714 1156 δώματ’
745 1082 1089 1156 εἰσηκούσατ’
1126 1089 1364 1140 Οἰδίπου
1388 1085 1519 1139 τάδε

433 1167 666 1230 [παίδων
687 1161 899 1232 ὁμοίαις
919 1175 1228 1267 συμφοραῖς
1249 1162 1588 1227 ὀλωλότων];

242 1245 355 1296 ΧΟ.
434 1241 564 1297 ὥστ’
596 1265 664 1297 αν
691 1247 966 1313 δακρῦσαί
992 1243 1066 1313 γ’,
1094 1249 1142 1298 εἰ
1159 1248 1446 1315 φρονοῦντ
1454 1240 1804 1309 ’ἑτύγχανεν.

241 1330 349 1379 ΚΡ.
429 1332 575 1394 οἴμοι
601 1326 884 1396 ξυμφορᾶς
909 1325 1427 1431 βαρυποτμωτάτας,
1792 1339 1902 1384 1345

431 1416 576 1479 οἴμοι
602 1414 789 1463 κακῶν
815 1408 1111 1479 δύστηνος·
1141 1411 1181 1465 ώ
1209 1411 1371 1475 τάλας
1398 1410 1520 1481 ἐγώ.

238 1500 397 1549 ΑΓΓ.
430 1499 481 1548 εἰ
501 1495 595 1548 καὶ
618 1517 682 1548 τα
707 1491 843 1565 πρὸς
866 1493 1114 1550 τούτοισί
1136 1492 1188 1566 γ’
1220 1501 1420 1567 εἰδείης
1448 1496 1603 1551 κακά.

238 1585 349 1634 ΚΡ.
426 1580 518 1634 καὶ
543 1584 657 1643 πῶς
682 1574 881 1648 γένοιτ’
914 1575 984 1633 ἂν
1008 1584 1184 1635 τῶνδε
1209 1580 1665 1653 δυσποτμώτερα;

239 1669 396 1719 ΑΓΓ.
425 1660 655 1734 τέθνηκ’
686 1660 899 1735 ἀδελφὴ
925 1662 992 1734 σὴ
1019 1669 1181 1720 δυοῖν
1206 1671 1430 1721 παίδοιν
1453 1668 1601 1736 μέτα.

237 1756 352 1804 ΧΟ.
423 1746 641 1821 ἀνάγετ’
674 1745 903 1819 ἀνάγετε
926 1749 1195 1820 κωκυτόν,
1789 1765 1897 1808 1350

427 1835 515 1889 ἐπὶ
544 1834 686 1905 κάρα
714 1856 772 1889 τε
796 1834 1152 1905 λευκοπήχεις
1177 1834 1421 1900 κτύπους
1443 1847 1645 1906 χεροῖν.

239 1924 344 1973 ΚΡ.
425 1911 467 1973 ῶ
492 1925 718 1990 τλῆμον,
745 1914 864 1974 οἷον
887 1917 1128 1990 τέρμον’,
1159 1917 1424 1991 Ἰοκάστη,
1451 1927 1579 1992 βίου

428 2003 619 2074 γάμων
643 2025 701 2058 τε
724 2009 836 2059 τῶν
862 2009 977 2058 σῶν
994 2003 1247 2076 Σφιγγὸς
1271 2012 1547 2076 αἰνιγμοῖς
1585 2011 1754 2078 ἔτλης.

424 2093 537 2153 πῶς
561 2090 652 2142 καὶ
677 2090 981 2159 πέπρακται
1007 2089 1286 2160 διπτύχων
1315 2096 1532 2146 παίδων
1557 2090 1728 2162 φόνος

426 2170 561 2243 ἀρᾶς
585 2169 632 2227 τ’
663 2169 928 2243 ἀγώνισμ’
963 2179 1223 2239 Οἰδίπους
1250 2176 1484 2247 σήμαινέ
1504 2198 1612 2246 μοι.
1786 2188 1894 2232 1355

234 2263 391 2314 ΑΓΓ.
419 2256 484 2312 τὰ
509 2257 610 2328 μὲν
634 2255 739 2327 πρὸ
764 2257 995 2329 πύργων
1021 2256 1365 2330 εὐτυχήματα
1389 2258 1592 2330 χθονὸς

425 2339 573 2397 οἶσθ’
595 2361 605 2371 ·
633 2338 700 2397 ού
726 2341 941 2414 μακρὰν
968 2341 1071 2415 γὰρ
1097 2347 1320 2415 τειχέων
1344 2350 1691 2416 περιπτυχαί,

426 2424 556 2482 ὥστ’
586 2423 688 2497 οὐχ
712 2424 927 2482 ἅπαντά
956 2425 1008 2483 σ’
1039 2431 1243 2484 εἰδέναι
1267 2426 1332 2484 τὰ
1360 2430 1629 2501 δρώμενα.

426 2514 542 2567 ἐπεὶ
569 2511 630 2567 δὲ
653 2514 900 2582 χαλκέοις
923 2511 1061 2584 σῶμ’
1091 2512 1463 2586 ἐκοσμήσανθ’
1492 2512 1679 2580 ὅπλοις

426 2601 484 2652 οἶ
501 2601 601 2652 τοῦ
627 2599 883 2668 γέροντος
913 2602 1153 2654 Οἰδίπου
1176 2606 1409 2670 νεανίαι,
1783 2612 1892 2657 1360

424 2687 656 2753 ἔστησαν
680 2679 898 2737 ἐλθόντ’
928 2688 1003 2748 εἰς
1027 2685 1194 2754 μέσον
1217 2689 1534 2756 μεταίχμιον

418 2866 558 2911 δισσώ
594 2868 827 2926 στρατηγῶ
861 2870 939 2913 καὶ
973 2871 1118 2915 διπλῶ
1154 2875 1439 2929 στρατηλάτα
1779 2874 1889 2918 1362
