2018 3117
174 110 276 162 204

179 425 310 480 MH.

177 847 283 899 KP.

177 1695 310 1747 MH.

864 110 1158 156 ΜΗΛΕΙΑ

365 248 521 307 τοῦδ’
557 252 666 321 εἰμὶ
691 246 830 305 κούκ
855 245 1044 320 ἄπειμι
1067 246 1204 321 πρὸς
1229 247 1431 319 δόμους
1457 249 1640 320 πάλιν,
1750 260 1833 307 275

365 337 498 407 πρὶν
523 333 592 390 ἄν
615 351 677 390 σε
700 339 858 405 γαίας
881 332 1167 405 τερμόνων
1191 335 1290 399 ἔξω
1315 333 1483 404 βάλω.

365 426 504 475 αἰαῖ·
538 418 795 490 πανώλης
828 415 861 490 ἡ
887 414 1100 474 ταλαιν’
1130 414 1461 489 ἀπόλλυμαι.

363 506 557 575 ἐχθροὶ
579 503 734 576 γὰρε
711 506 882 570 ἐξιᾶσι
905 503 1080 558 πάντα
1111 500 1178 578 δῂ
1205 502 1409 573 κάλων,

363 586 504 644 κούκ
530 595 679 644 ἔστιν
702 585 832 659 ἄτης
861 585 1251 668 εύπρόσοιστος
1278 593 1514 689 ε”κρασις

363 673 624 745 ἐρήσομαι
650 674 711 729 δὲ
735 675 828 728 καὶ
854 679 1034 736 κακῶς
1059 669 1327 742 πασχουσ’
1362 669 1524 742 όμως,
1752 686 1836 730 280

365 765 514 822 τίνος
537 756 595 830 μ’
624 761 776 814 ἕκατι
799 763 898 829 γῆς
922 755 1298 827 ἄποστέλλεις,
1323 759 1535 829 Κρέον;

364 842 588 899 δέδοικά
611 840 685 913 σ’,
711 840 880 900 οὐδὲν
904 847 995 898 δεῖ
1015 843 1391 919 παραμπέχειν
1415 840 1630 912 λόγους,
1651 853 1662 884 ⁸·

363 928 438 1000 μή
461 934 560 998 μοί
585 951 635 983 τι
660 928 865 1001 δράσῃς
889 925 1044 982 παῖδ’
1073 925 1375 999 ἀνήκεστον
1406 926 1594 983 κακόν.

365 1013 734 1084 συμβάλλεται
760 1013 821 1068 δὲ
845 1011 1021 1068 πολλὰ
1045 1017 1209 1068 τοῦδε
1239 1017 1516 1083 δείματος·

365 1096 510 1170 σοφὴ
542 1100 793 1169 πέφυκας
819 1099 911 1152 καὶ
936 1104 1122 1152 κακῶν
1149 1102 1371 1151 πολλῶν
1398 1101 1557 1168 ἴδρις,
1752 1110 1834 1154 285

364 1189 530 1238 λυπεῖ
556 1183 618 1238 δὲ
640 1185 884 1253 λέκτρων
910 1180 1112 1253 ἀνδρὸς
1137 1183 1485 1253 ἐστερημένη.

365 1267 515 1322 κλύω
549 1264 602 1323 δ’
631 1264 880 1322 ἀπειλεῖν
904 1263 981 1323 σ’
972 1290 1083 1333 ως
1109 1263 1524 1337 ἀπαγγέλλουσί
1542 1289 1650 1337 μοι,

365 1350 461 1407 τὸν
490 1352 658 1407 δόντα
687 1354 779 1407 καὶ
805 1351 1053 1423 γήμαντα
1083 1352 1175 1406 καὶ
1204 1352 1560 1422 γαμουμένην

367 1436 593 1507 δρασειν
617 1460 684 1491 τι.
717 1435 871 1492 ταῦτ’
905 1429 1008 1492 οὖν
1034 1438 1168 1505 πρὶν
1199 1445 1406 1491 παθεῖν
1432 1436 1758 1508 φυλαξομαι

364 1534 623 1591 κρεῖσσον
649 1523 714 1577 δέ
735 1545 827 1593 μοι
851 1528 958 1577 νῦν
995 1520 1133 1592 πρὸς
1168 1518 1221 1576 σ’
1251 1518 1624 1593 ἀπεχθέσθαι,
1650 1522 1832 1593 γύναι,

364 1601 399 1677 ἢ
427 1604 882 1677 μαλθακισθένθ’
912 1603 1150 1678 ὕστερον
1175 1608 1542 1677 μεταστένειν.
1754 1620 1827 1665 29]

366 1696 476 1762 φεῦ
510 1697 648 1763 φεῦ·

364 1772 432 1830 οὐ
457 1781 566 1831 νῦν
589 1799 657 1846 με
682 1781 929 1847 πρῶτον,
956 1773 1093 1831 ἀλλὰ
1120 1774 1407 1845 πολλάκις,
1434 1777 1635 1847 Κρέον,

364 1865 569 1931 ἔβλαψε
597 1860 727 1926 δόξα
751 1854 960 1931 μεγάλα
989 1858 1039 1915 τ’
1071 1868 1350 1932 εἴργασται
1376 1859 1534 1915 κακά.

362 1943 465 2016 χρὴ
495 1942 548 2000 δ’
579 1942 785 2001 ούποθ’
817 1943 962 2010 όστις
987 1943 1275 2017 αρτίφρων
1299 1942 1509 2017 πέφυκ’
1547 1942 1687 2017 ανὴρ

368 2033 567 2093 παῖδας
593 2048 864 2101 περισσως
891 2019 1319 2086 ἐκδιδασκεσθαι
1342 2028 1577 2101 σοφούς·
1752 2043 1834 2087 295

361 2115 529 2185 χωρὶς
553 2138 656 2186 γαρ
683 2112 748 2170 αλ
752 2122 848 2186 λης
875 2139 938 2185 ης
963 2122 1182 2186 ἔχουσιν
1208 2113 1402 2186 ἀργίας

365 2198 588 2270 φθόνον
611 2198 748 2271 πρὸς
778 2219 958 2255 αστων
984 2198 1296 2280 αλφανουσι
1320 2204 1583 2271 δυσμενῆ.

372 2296 611 2339 σκαιοισι
635 2308 736 2356 μεν
760 2283 864 2355 γὰρ
891 2307 1055 2340 καινα
1080 2286 1415 2356 προσφερων
1439 2302 1586 2356 σοφα

367 2366 598 2434 δόξεις’
569 2382 784 2439 αχρειος
807 2366 910 2425 κού
935 2367 1106 2441 σοφὸς
1137 2370 1474 2439 πεφυκέναι

367 2458 480 2508 τῶν
510 2450 564 2508 δ’
595 2446 668 2509 αὖ
695 2453 1014 2510 δοκούντων
1040 2455 1246 2508 εἰδέναι
1269 2477 1320 2508 τι
1345 2460 1598 2510 ποικίλον
1749 2465 1836 2508 300

366 2544 640 2608 κρείσσων
664 2540 950 2610 νομισθεὶς
974 2537 1184 2620 λιΜ-ῥς
1207 2541 1266 2592 ἐν
1292 2538 1447 2593 πόλει
1473 2551 1654 2610 φανεῖ.

366 2621 472 2693 ἐγω
504 2622 565 2677 δὲ
594 2622 768 2694 καύτὴ
796 2629 959 2695 τῆσδε
983 2628 1233 2679 κοινωνῶ
1260 2622 1440 2694 τύχης.

365 2705 512 2777 σοφὴ
543 2706 648 2780 γὰρ
680 2701 848 2780 οὖσα,
875 2722 986 2773 τοϊς
1011 2709 1111 2819 μέν
1137 2703 1242 2779 εἰμ’
1274 2710 1595 2778 ἐπίφθονος,

356 2904 455 2949 τοῖς
488 2896 536 2942 δ’
568 2895 798 2956 ἦσυχαία,
832 2906 933 2951 τοῖς
965 2899 1016 2944 δὲ
1047 2902 1252 2957 θατέρου
1282 2899 1479 2958 τρόπον,
1751 2901 1837 2944 304
