<?xml version="1.0" encoding="UTF-8"?>
<!DOCTYPE html PUBLIC "-//W3C//DTD XHTML 1.0 Transitional//EN"
    "http://www.w3.org/TR/xhtml1/DTD/xhtml1-transitional.dtd">
<html xmlns="http://www.w3.org/1999/xhtml" xml:lang="en" lang="en">
 <head>
  <title>
</title>
<meta http-equiv="Content-Type" content="text/html;charset=utf-8" />
  <meta name='ocr-system' content='tesseract 3.04.00' />
  <meta name='ocr-capabilities' content='ocr_page ocr_carea ocr_par ocr_line ocrx_word'/>
</head>
<body>
  <div class='ocr_page' id='page_1' title='image "./euripidistragoe02euriuoft_0446.png"; bbox 0 0 2018 3117; ppageno 0'>
   <div class='ocr_carea' id='block_1_1' title="bbox 247 105 349 155">
    <p class='ocr_par' dir='ltr' id='par_1_1' title="bbox 247 105 349 155">
     <span class='ocr_line' id='line_1_1' title="bbox 247 105 349 155; baseline 0.02 -2"><span class='ocrx_word' id='word_1_1' title='bbox 247 105 349 155; x_wconf 81' lang='lat'><em>396</em></span> 
     </span>
    </p>
   </div>
   <div class='ocr_carea' id='block_1_2' title="bbox 173 245 1846 2956">
    <p class='ocr_par' dir='ltr' id='par_1_2' title="bbox 173 245 1846 2956">
     <span class='ocr_line' id='line_1_2' title="bbox 336 245 1790 324; baseline 0.001 -19"><span class='ocrx_word' id='word_1_2' title='bbox 336 245 454 305; x_wconf 85' lang='grc' dir='ltr'><em>ἀλλ’</em></span> <span class='ocrx_word' id='word_1_3' title='bbox 487 246 693 304; x_wconf 84' lang='grc' dir='ltr'><strong><em>ὁπόταν</em></strong></span> <span class='ocrx_word' id='word_1_4' title='bbox 723 247 1052 303; x_wconf 77' lang='grc' dir='ltr'><em>πλεόνεσσιν</em></span> <span class='ocrx_word' id='word_1_5' title='bbox 1076 251 1430 321; x_wconf 71' lang='grc' dir='ltr'><em>ἐρειδόμενον</em></span> <span class='ocrx_word' id='word_1_6' title='bbox 1455 251 1584 305; x_wconf 87' lang='grc' dir='ltr'><em>ποσὶ</em></span> <span class='ocrx_word' id='word_1_7' title='bbox 1606 255 1790 324; x_wconf 80' lang='grc' dir='ltr'><em>βαίνῃ,</em></span> 
     </span>
     <span class='ocr_line' id='line_1_3' title="bbox 333 330 1738 405; baseline 0.002 -18"><span class='ocrx_word' id='word_1_8' title='bbox 333 338 473 388; x_wconf 79' lang='grc' dir='ltr'><em>ἔνθα</em></span> <span class='ocrx_word' id='word_1_9' title='bbox 497 335 660 404; x_wconf 88' lang='grc' dir='ltr'><em>μένος</em></span> <span class='ocrx_word' id='word_1_10' title='bbox 685 338 930 404; x_wconf 76' lang='grc' dir='ltr'><em>γυίοισιν</em></span> <span class='ocrx_word' id='word_1_11' title='bbox 955 330 1345 405; x_wconf 78' lang='grc' dir='ltr'><em>ἀφαυρότερον</em></span> <span class='ocrx_word' id='word_1_12' title='bbox 1368 335 1520 389; x_wconf 91' lang='grc' dir='ltr'><em>πέλει</em></span> <span class='ocrx_word' id='word_1_13' title='bbox 1546 332 1738 390; x_wconf 82' lang='grc' dir='ltr'><em>αὐτοῦ.</em></span> 
     </span>
     <span class='ocr_line' id='line_1_4' title="bbox 250 411 1829 490; baseline 0.002 -16"><span class='ocrx_word' id='word_1_14' title='bbox 250 411 422 488; x_wconf 77' lang='grc' dir='ltr'><em>οὗπερ</em></span> <span class='ocrx_word' id='word_1_15' title='bbox 455 414 838 488; x_wconf 75' lang='grc' dir='ltr'><em>ἀγνοουμένου</em></span> <span class='ocrx_word' id='word_1_16' title='bbox 863 417 1094 490; x_wconf 78' lang='grc' dir='ltr'><em>ἐκήρυξε</em></span> <span class='ocrx_word' id='word_1_17' title='bbox 1116 419 1316 489; x_wconf 84' lang='grc' dir='ltr'><em>Κρέων</em></span> <span class='ocrx_word' id='word_1_18' title='bbox 1352 415 1380 473; x_wconf 86' lang='grc' dir='ltr'>ὁ</span> <span class='ocrx_word' id='word_1_19' title='bbox 1406 415 1647 490; x_wconf 87' lang='grc' dir='ltr'><em>ἀδελφὸς</em></span> <span class='ocrx_word' id='word_1_20' title='bbox 1674 417 1829 477; x_wconf 83' lang='grc' dir='ltr'><em>Ἰοκά·</em></span> 
     </span>
     <span class='ocr_line' id='line_1_5' title="bbox 249 499 1838 575; baseline 0.001 -16"><span class='ocrx_word' id='word_1_21' title='bbox 249 521 377 574; x_wconf 87' lang='grc' dir='ltr'><em>στης</em></span> <span class='ocrx_word' id='word_1_22' title='bbox 407 508 499 573; x_wconf 87' lang='grc' dir='ltr'><em>τῆς</em></span> <span class='ocrx_word' id='word_1_23' title='bbox 526 508 874 573; x_wconf 76' lang='grc' dir='ltr'><em>βασιλίσσης,</em></span> <span class='ocrx_word' id='word_1_24' title='bbox 913 500 985 567; x_wconf 79' lang='grc' dir='ltr'><em>ὡς</em></span> <span class='ocrx_word' id='word_1_25' title='bbox 1009 499 1156 567; x_wconf 76' lang='grc' dir='ltr'><em>ὅστις</em></span> <span class='ocrx_word' id='word_1_26' title='bbox 1183 499 1338 574; x_wconf 77' lang='grc' dir='ltr'><em>εὕροι</em></span> <span class='ocrx_word' id='word_1_27' title='bbox 1361 500 1421 558; x_wconf 83' lang='grc' dir='ltr'><em>τὸ</em></span> <span class='ocrx_word' id='word_1_28' title='bbox 1448 511 1691 575; x_wconf 76' lang='grc' dir='ltr'><em>αἴνιγμα,</em></span> <span class='ocrx_word' id='word_1_29' title='bbox 1717 505 1838 562; x_wconf 82' lang='grc' dir='ltr'><em>τού-</em></span> 
     </span>
     <span class='ocr_line' id='line_1_6' title="bbox 200 584 1844 662; baseline 0.004 -22"><span class='ocrx_word' id='word_1_30' title='bbox 200 600 225 640; x_wconf 80' lang='lat'>5</span> <span class='ocrx_word' id='word_1_31' title='bbox 250 611 324 662; x_wconf 74' lang='grc' dir='ltr'><em>τῳ</em></span> <span class='ocrx_word' id='word_1_32' title='bbox 349 591 623 655; x_wconf 77' lang='grc' dir='ltr'><em>συνάψειν</em></span> <span class='ocrx_word' id='word_1_33' title='bbox 646 589 746 660; x_wconf 81' lang='grc' dir='ltr'><em>τὴν</em></span> <span class='ocrx_word' id='word_1_34' title='bbox 771 584 1040 660; x_wconf 85' lang='grc' dir='ltr'><em>ἀδελφήν.</em></span> <span class='ocrx_word' id='word_1_35' title='bbox 1080 592 1351 652; x_wconf 78' lang='grc' dir='ltr'><em>Οἰδίπους</em></span> <span class='ocrx_word' id='word_1_36' title='bbox 1385 590 1474 658; x_wconf 89' lang='grc' dir='ltr'><em>δέ,</em></span> <span class='ocrx_word' id='word_1_37' title='bbox 1514 584 1586 653; x_wconf 70' lang='grc' dir='ltr'><em>ὡς</em></span> <span class='ocrx_word' id='word_1_38' title='bbox 1616 594 1844 662; x_wconf 84' lang='grc' dir='ltr'><em>ἔφημεν,</em></span> 
     </span>
     <span class='ocr_line' id='line_1_7' title="bbox 249 670 1845 745; baseline 0.001 -16"><span class='ocrx_word' id='word_1_39' title='bbox 249 673 460 744; x_wconf 90' lang='grc' dir='ltr'><em>διάγων</em></span> <span class='ocrx_word' id='word_1_40' title='bbox 487 676 604 728; x_wconf 80' lang='grc' dir='ltr'><em>ἐκεῖ</em></span> <span class='ocrx_word' id='word_1_41' title='bbox 622 671 770 743; x_wconf 88' lang='grc' dir='ltr'><em>τότε,</em></span> <span class='ocrx_word' id='word_1_42' title='bbox 798 670 1039 738; x_wconf 87' lang='grc' dir='ltr'><em>ἀκούσας</em></span> <span class='ocrx_word' id='word_1_43' title='bbox 1075 671 1140 727; x_wconf 77' lang='grc' dir='ltr'><em>τὰ</em></span> <span class='ocrx_word' id='word_1_44' title='bbox 1175 672 1501 745; x_wconf 78' lang='grc' dir='ltr'><em>κηρύγματα</em></span> <span class='ocrx_word' id='word_1_45' title='bbox 1533 672 1656 728; x_wconf 86' lang='grc' dir='ltr'><em>λύει</em></span> <span class='ocrx_word' id='word_1_46' title='bbox 1690 697 1748 730; x_wconf 88' lang='grc' dir='ltr'><em>τε</em></span> <span class='ocrx_word' id='word_1_47' title='bbox 1784 674 1845 730; x_wconf 87' lang='grc' dir='ltr'><em>τὸ</em></span> 
     </span>
     <span class='ocr_line' id='line_1_8' title="bbox 248 755 1846 830; baseline 0.001 -17"><span class='ocrx_word' id='word_1_48' title='bbox 248 767 472 829; x_wconf 82' lang='grc' dir='ltr'><em>αἴνιγμα</em></span> <span class='ocrx_word' id='word_1_49' title='bbox 507 764 600 828; x_wconf 87' lang='grc' dir='ltr'><em>τῆς</em></span> <span class='ocrx_word' id='word_1_50' title='bbox 634 756 886 829; x_wconf 83' lang='grc' dir='ltr'><em>Σφιγγὸς</em></span> <span class='ocrx_word' id='word_1_51' title='bbox 923 759 1016 813; x_wconf 87' lang='grc' dir='ltr'><em>καὶ</em></span> <span class='ocrx_word' id='word_1_52' title='bbox 1056 756 1156 829; x_wconf 86' lang='grc' dir='ltr'><em>τὴν</em></span> <span class='ocrx_word' id='word_1_53' title='bbox 1189 760 1393 830; x_wconf 91' lang='grc' dir='ltr'><em>μητέρα</em></span> <span class='ocrx_word' id='word_1_54' title='bbox 1430 755 1533 813; x_wconf 78' lang='grc' dir='ltr'><em>οὐκ</em></span> <span class='ocrx_word' id='word_1_55' title='bbox 1569 757 1728 825; x_wconf 76' lang='grc' dir='ltr'><em>εἰδώς</em></span> <span class='ocrx_word' id='word_1_56' title='bbox 1771 765 1846 825; x_wconf 91' lang='grc' dir='ltr'><em>εἰς</em></span> 
     </span>
     <span class='ocr_line' id='line_1_9' title="bbox 249 840 1592 915; baseline 0.001 -17"><span class='ocrx_word' id='word_1_57' title='bbox 249 856 486 915; x_wconf 80' lang='grc' dir='ltr'><em>γυναῖκα</em></span> <span class='ocrx_word' id='word_1_58' title='bbox 512 843 798 915; x_wconf 86' lang='grc' dir='ltr'><em>λαμβάνει.</em></span> <span class='ocrx_word' id='word_1_59' title='bbox 827 849 988 898; x_wconf 82' lang='grc' dir='ltr'><em>ἔλυσε</em></span> <span class='ocrx_word' id='word_1_60' title='bbox 1016 844 1077 899; x_wconf 74' lang='grc' dir='ltr'><em>δὲ</em></span> <span class='ocrx_word' id='word_1_61' title='bbox 1101 840 1303 914; x_wconf 77' lang='grc' dir='ltr'><em>οὕτως,</em></span> <span class='ocrx_word' id='word_1_62' title='bbox 1333 840 1404 908; x_wconf 71' lang='grc' dir='ltr'><em>ὥς</em></span> <span class='ocrx_word' id='word_1_63' title='bbox 1430 860 1592 915; x_wconf 87' lang='grc' dir='ltr'><em>φασι·</em></span> 
     </span>
     <span class='ocr_line' id='line_1_10' title="bbox 331 925 1840 1002; baseline 0.001 -19"><span class='ocrx_word' id='word_1_64' title='bbox 331 934 503 983; x_wconf 85' lang='grc' dir='ltr'><em>κλῦθι</em></span> <span class='ocrx_word' id='word_1_65' title='bbox 531 930 624 983; x_wconf 85' lang='grc' dir='ltr'><em>καὶ</em></span> <span class='ocrx_word' id='word_1_66' title='bbox 651 925 753 983; x_wconf 77' lang='grc' dir='ltr'><em>οὐκ</em></span> <span class='ocrx_word' id='word_1_67' title='bbox 779 930 1069 999; x_wconf 85' lang='grc' dir='ltr'><em>ἐθέλουσα,</em></span> <span class='ocrx_word' id='word_1_68' title='bbox 1084 928 1609 1002; x_wconf 84' lang='grc' dir='ltr'><em>κακόπτερεΜοῦσα</em></span> <span class='ocrx_word' id='word_1_69' title='bbox 1633 928 1840 984; x_wconf 88' lang='grc' dir='ltr'><em>θανόν-</em></span> 
     </span>
     <span class='ocr_line' id='line_1_11' title="bbox 183 1026 1050 1083; baseline 0.001 -16"><span class='ocrx_word' id='word_1_70' title='bbox 183 1026 233 1067; x_wconf 89' lang='grc'><em>10</em></span> <span class='ocrx_word' id='word_1_71' title='bbox 923 1037 1050 1083; x_wconf 90' lang='grc' dir='ltr'><em>των,</em></span> 
     </span>
     <span class='ocr_line' id='line_1_12' title="bbox 418 1095 1563 1172; baseline -0.003 -18"><span class='ocrx_word' id='word_1_72' title='bbox 418 1106 610 1170; x_wconf 82' lang='grc' dir='ltr'><em>φωνῆς</em></span> <span class='ocrx_word' id='word_1_73' title='bbox 633 1096 898 1172; x_wconf 79' lang='grc' dir='ltr'><em>ἡμετέρης</em></span> <span class='ocrx_word' id='word_1_74' title='bbox 932 1096 1033 1155; x_wconf 84' lang='grc' dir='ltr'><em>σὸν</em></span> <span class='ocrx_word' id='word_1_75' title='bbox 1057 1101 1209 1163; x_wconf 88' lang='grc' dir='ltr'><em>τέλος</em></span> <span class='ocrx_word' id='word_1_76' title='bbox 1238 1095 1563 1169; x_wconf 85' lang='grc' dir='ltr'><em>ἀμπλακίης.</em></span> 
     </span>
     <span class='ocr_line' id='line_1_13' title="bbox 332 1181 1714 1257; baseline -0.001 -19"><span class='ocrx_word' id='word_1_77' title='bbox 332 1181 637 1254; x_wconf 73' lang='grc' dir='ltr'><em>ἄνθρωπον</em></span> <span class='ocrx_word' id='word_1_78' title='bbox 661 1186 974 1254; x_wconf 83' lang='grc' dir='ltr'><em>κατέλεξας,</em></span> <span class='ocrx_word' id='word_1_79' title='bbox 1007 1181 1066 1250; x_wconf 81' lang='grc' dir='ltr'><em>ὃς</em></span> <span class='ocrx_word' id='word_1_80' title='bbox 1089 1182 1255 1257; x_wconf 82' lang='grc' dir='ltr'><em>ἡνίκα</em></span> <span class='ocrx_word' id='word_1_81' title='bbox 1279 1194 1444 1256; x_wconf 76' lang='grc' dir='ltr'><em>γαῖαν</em></span> <span class='ocrx_word' id='word_1_82' title='bbox 1469 1184 1714 1253; x_wconf 82' lang='grc' dir='ltr'><em>ἐφέρπει,</em></span> 
     </span>
     <span class='ocr_line' id='line_1_14' title="bbox 416 1268 1714 1343; baseline 0.002 -19"><span class='ocrx_word' id='word_1_83' title='bbox 416 1275 636 1340; x_wconf 74' lang='grc' dir='ltr'><em>πρῶτον</em></span> <span class='ocrx_word' id='word_1_84' title='bbox 666 1275 774 1341; x_wconf 82' lang='grc' dir='ltr'><em>ἔφυ</em></span> <span class='ocrx_word' id='word_1_85' title='bbox 799 1269 1104 1342; x_wconf 74' lang='grc' dir='ltr'><em>τετράπους</em></span> <span class='ocrx_word' id='word_1_86' title='bbox 1128 1270 1322 1342; x_wconf 80' lang='grc' dir='ltr'><em>νήπιος</em></span> <span class='ocrx_word' id='word_1_87' title='bbox 1348 1272 1406 1325; x_wconf 88' lang='grc' dir='ltr'><em>ἐκ</em></span> <span class='ocrx_word' id='word_1_88' title='bbox 1431 1268 1714 1343; x_wconf 85' lang='grc' dir='ltr'><em>λαγόνων·</em></span> 
     </span>
     <span class='ocr_line' id='line_1_15' title="bbox 330 1354 1842 1429; baseline 0.003 -21"><span class='ocrx_word' id='word_1_89' title='bbox 330 1355 597 1425; x_wconf 84' lang='grc' dir='ltr'><em>γηραλέος</em></span> <span class='ocrx_word' id='word_1_90' title='bbox 626 1355 687 1410; x_wconf 73' lang='grc' dir='ltr'><em>δὲ</em></span> <span class='ocrx_word' id='word_1_91' title='bbox 711 1356 894 1411; x_wconf 86' lang='grc' dir='ltr'><em>πέλων</em></span> <span class='ocrx_word' id='word_1_92' title='bbox 918 1361 1171 1426; x_wconf 88' lang='grc' dir='ltr'><em>τρίτατον</em></span> <span class='ocrx_word' id='word_1_93' title='bbox 1196 1355 1340 1410; x_wconf 89' lang='grc' dir='ltr'><em>πόδα</em></span> <span class='ocrx_word' id='word_1_94' title='bbox 1358 1354 1601 1427; x_wconf 79' lang='grc' dir='ltr'><em>βάκτρον</em></span> <span class='ocrx_word' id='word_1_95' title='bbox 1625 1359 1842 1429; x_wconf 78' lang='grc' dir='ltr'><em>ἐρείδει,</em></span> 
     </span>
     <span class='ocr_line' id='line_1_16' title="bbox 182 1437 1564 1513; baseline 0 -17"><span class='ocrx_word' id='word_1_96' title='bbox 182 1455 228 1496; x_wconf 77' lang='lat'><em>15</em></span> <span class='ocrx_word' id='word_1_97' title='bbox 413 1437 620 1510; x_wconf 82' lang='grc' dir='ltr'><em>αὐχένα</em></span> <span class='ocrx_word' id='word_1_98' title='bbox 646 1446 951 1513; x_wconf 85' lang='grc' dir='ltr'><em>φορτίζων,</em></span> <span class='ocrx_word' id='word_1_99' title='bbox 982 1441 1149 1512; x_wconf 79' lang='grc' dir='ltr'><em>γήραϊ</em></span> <span class='ocrx_word' id='word_1_100' title='bbox 1168 1440 1564 1512; x_wconf 85' lang='grc' dir='ltr'><em>καμπτόμενος.</em></span> 
     </span>
     <span class='ocr_line' id='line_1_17' title="bbox 245 1521 1835 1598; baseline 0.003 -20"><span class='ocrx_word' id='word_1_101' title='bbox 245 1521 529 1580; x_wconf 80' lang='grc' dir='ltr'><em>ἀκούσασα</em></span> <span class='ocrx_word' id='word_1_102' title='bbox 556 1524 742 1595; x_wconf 75' lang='grc' dir='ltr'><em>δὲτὴν</em></span> <span class='ocrx_word' id='word_1_103' title='bbox 768 1526 931 1581; x_wconf 91' lang='grc' dir='ltr'><em>λύσιν</em></span> <span class='ocrx_word' id='word_1_104' title='bbox 966 1523 997 1596; x_wconf 82' lang='grc' dir='ltr'>ἡ</span> <span class='ocrx_word' id='word_1_105' title='bbox 1033 1527 1218 1597; x_wconf 79' lang='grc' dir='ltr'><em>Σφὶγξ</em></span> <span class='ocrx_word' id='word_1_106' title='bbox 1255 1524 1458 1598; x_wconf 83' lang='grc' dir='ltr'><em>ἑαυτὴν</em></span> <span class='ocrx_word' id='word_1_107' title='bbox 1491 1523 1712 1598; x_wconf 80' lang='grc' dir='ltr'><em>ἀναιρεῖ</em></span> <span class='ocrx_word' id='word_1_108' title='bbox 1737 1549 1835 1582; x_wconf 89' lang='grc' dir='ltr'><em>πα-</em></span> 
     </span>
     <span class='ocr_line' id='line_1_18' title="bbox 246 1607 1841 1684; baseline 0.003 -22"><span class='ocrx_word' id='word_1_109' title='bbox 246 1615 494 1680; x_wconf 82' lang='grc' dir='ltr'><em>ραχρῆμα</em></span> <span class='ocrx_word' id='word_1_110' title='bbox 532 1612 736 1681; x_wconf 78' lang='grc' dir='ltr'><em>ῥίψασα</em></span> <span class='ocrx_word' id='word_1_111' title='bbox 772 1617 870 1666; x_wconf 80' lang='grc' dir='ltr'><em>τοῦ</em></span> <span class='ocrx_word' id='word_1_112' title='bbox 906 1607 1078 1682; x_wconf 83' lang='grc' dir='ltr'><em>ἀέρος.</em></span> <span class='ocrx_word' id='word_1_113' title='bbox 1134 1615 1402 1675; x_wconf 80' lang='grc' dir='ltr'><em>Οἰδίπους</em></span> <span class='ocrx_word' id='word_1_114' title='bbox 1439 1610 1500 1666; x_wconf 74' lang='grc' dir='ltr'><em>δὲ</em></span> <span class='ocrx_word' id='word_1_115' title='bbox 1546 1609 1736 1666; x_wconf 75' lang='grc' dir='ltr'><em>συνών</em></span> <span class='ocrx_word' id='word_1_116' title='bbox 1778 1619 1841 1684; x_wconf 83' lang='grc' dir='ltr'><em>τῇ</em></span> 
     </span>
     <span class='ocr_line' id='line_1_19' title="bbox 244 1692 1842 1768; baseline 0.002 -20"><span class='ocrx_word' id='word_1_117' title='bbox 244 1696 406 1765; x_wconf 79' lang='grc' dir='ltr'><em>μητρὶ</em></span> <span class='ocrx_word' id='word_1_118' title='bbox 430 1696 523 1749; x_wconf 83' lang='grc' dir='ltr'><em>καὶ</em></span> <span class='ocrx_word' id='word_1_119' title='bbox 547 1700 744 1759; x_wconf 78' lang='grc' dir='ltr'><em>παῖδας</em></span> <span class='ocrx_word' id='word_1_120' title='bbox 779 1698 831 1761; x_wconf 79' lang='grc' dir='ltr'><em>ἐξ</em></span> <span class='ocrx_word' id='word_1_121' title='bbox 869 1692 1037 1765; x_wconf 80' lang='grc' dir='ltr'><em>αὐτῆς</em></span> <span class='ocrx_word' id='word_1_122' title='bbox 1068 1695 1248 1766; x_wconf 88' lang='grc' dir='ltr'><em>φύσας</em></span> <span class='ocrx_word' id='word_1_123' title='bbox 1278 1697 1569 1765; x_wconf 89' lang='grc' dir='ltr'><em>τέσσαρας,</em></span> <span class='ocrx_word' id='word_1_124' title='bbox 1608 1693 1842 1768; x_wconf 72' lang='grc' dir='ltr'><em>ἄρρενας</em></span> 
     </span>
     <span class='ocr_line' id='line_1_20' title="bbox 244 1776 1842 1852; baseline 0.001 -19"><span class='ocrx_word' id='word_1_125' title='bbox 244 1778 344 1849; x_wconf 76' lang='grc' dir='ltr'><em>μὲν</em></span> <span class='ocrx_word' id='word_1_126' title='bbox 364 1776 644 1836; x_wconf 85' lang='grc' dir='ltr'><em>Ἐτεοκλέα</em></span> <span class='ocrx_word' id='word_1_127' title='bbox 669 1782 760 1835; x_wconf 82' lang='grc' dir='ltr'><em>καὶ</em></span> <span class='ocrx_word' id='word_1_128' title='bbox 777 1786 1159 1852; x_wconf 86' lang='grc' dir='ltr'><em>Πολυνείκην,</em></span> <span class='ocrx_word' id='word_1_129' title='bbox 1185 1786 1414 1851; x_wconf 82' lang='grc' dir='ltr'><em>θηλείας</em></span> <span class='ocrx_word' id='word_1_130' title='bbox 1440 1779 1501 1835; x_wconf 73' lang='grc' dir='ltr'><em>δὲ</em></span> <span class='ocrx_word' id='word_1_131' title='bbox 1520 1777 1842 1852; x_wconf 82' lang='grc' dir='ltr'><em>Ἀντιγόνην</em></span> 
     </span>
     <span class='ocr_line' id='line_1_21' title="bbox 174 1861 1844 1938; baseline -0.001 -15"><span class='ocrx_word' id='word_1_132' title='bbox 174 1882 227 1924; x_wconf 84' lang='grc'><em>20</em></span> <span class='ocrx_word' id='word_1_133' title='bbox 245 1865 338 1918; x_wconf 83' lang='grc' dir='ltr'><em>καὶ</em></span> <span class='ocrx_word' id='word_1_134' title='bbox 366 1861 649 1937; x_wconf 80' lang='grc' dir='ltr'><em>Ἰσμήνην,</em></span> <span class='ocrx_word' id='word_1_135' title='bbox 691 1863 763 1931; x_wconf 75' lang='grc' dir='ltr'><em>ὡς</em></span> <span class='ocrx_word' id='word_1_136' title='bbox 791 1871 932 1938; x_wconf 82' lang='grc' dir='ltr'><em>ἔγνω</em></span> <span class='ocrx_word' id='word_1_137' title='bbox 961 1864 1020 1921; x_wconf 88' lang='grc' dir='ltr'><em>τὸ</em></span> <span class='ocrx_word' id='word_1_138' title='bbox 1052 1871 1260 1937; x_wconf 85' lang='grc' dir='ltr'><em>μίασμα</em></span> <span class='ocrx_word' id='word_1_139' title='bbox 1294 1862 1558 1935; x_wconf 77' lang='grc' dir='ltr'><em>ὕστερον,</em></span> <span class='ocrx_word' id='word_1_140' title='bbox 1589 1865 1844 1936; x_wconf 88' lang='grc' dir='ltr'><em>ἐτύφλω-</em></span> 
     </span>
     <span class='ocr_line' id='line_1_22' title="bbox 246 1949 1843 2022; baseline 0.001 -19"><span class='ocrx_word' id='word_1_141' title='bbox 246 1967 344 2004; x_wconf 85' lang='grc' dir='ltr'><em>σεν</em></span> <span class='ocrx_word' id='word_1_142' title='bbox 371 1950 586 2006; x_wconf 82' lang='grc' dir='ltr'><em>ἑαυτόν.</em></span> <span class='ocrx_word' id='word_1_143' title='bbox 619 1949 901 2022; x_wconf 83' lang='grc' dir='ltr'><em>Ἐτεοκλῆς</em></span> <span class='ocrx_word' id='word_1_144' title='bbox 939 1951 1000 2006; x_wconf 74' lang='grc' dir='ltr'><em>δὲ</em></span> <span class='ocrx_word' id='word_1_145' title='bbox 1038 1953 1130 2006; x_wconf 80' lang='grc' dir='ltr'><em>καὶ</em></span> <span class='ocrx_word' id='word_1_146' title='bbox 1165 1956 1541 2021; x_wconf 85' lang='grc' dir='ltr'><em>Πολυνείκης,</em></span> <span class='ocrx_word' id='word_1_147' title='bbox 1582 1952 1843 2016; x_wconf 84' lang='grc' dir='ltr'><em>θέλοντές</em></span> 
     </span>
     <span class='ocr_line' id='line_1_23' title="bbox 243 2030 1841 2107; baseline 0.001 -19"><span class='ocrx_word' id='word_1_148' title='bbox 243 2056 357 2098; x_wconf 87' lang='grc' dir='ltr'><em>πως</em></span> <span class='ocrx_word' id='word_1_149' title='bbox 394 2030 664 2106; x_wconf 86' lang='grc' dir='ltr'><em>ἀφανίσαι</em></span> <span class='ocrx_word' id='word_1_150' title='bbox 699 2034 758 2092; x_wconf 88' lang='grc' dir='ltr'>τό</span> <span class='ocrx_word' id='word_1_151' title='bbox 799 2034 1040 2107; x_wconf 76' lang='grc' dir='ltr'><em>ὄνειδος,</em></span> <span class='ocrx_word' id='word_1_152' title='bbox 1093 2041 1516 2092; x_wconf 87' lang='grc' dir='ltr'><em>κατακλείουσιν</em></span> <span class='ocrx_word' id='word_1_153' title='bbox 1563 2032 1736 2090; x_wconf 82' lang='grc' dir='ltr'><em>αὐτὸν</em></span> <span class='ocrx_word' id='word_1_154' title='bbox 1783 2037 1841 2090; x_wconf 87' lang='grc' dir='ltr'><em>ἐν</em></span> 
     </span>
     <span class='ocr_line' id='line_1_24' title="bbox 243 2116 1840 2194; baseline 0.001 -21"><span class='ocrx_word' id='word_1_155' title='bbox 243 2124 498 2192; x_wconf 75' lang='grc' dir='ltr'><em>οἰκίσκῳ,</em></span> <span class='ocrx_word' id='word_1_156' title='bbox 541 2117 616 2175; x_wconf 77' lang='grc' dir='ltr'><em>ἵν’</em></span> <span class='ocrx_word' id='word_1_157' title='bbox 659 2116 767 2175; x_wconf 78' lang='grc' dir='ltr'><em>ὑπὸ</em></span> <span class='ocrx_word' id='word_1_158' title='bbox 815 2120 1050 2192; x_wconf 87' lang='grc' dir='ltr'><em>μηδενὸς</em></span> <span class='ocrx_word' id='word_1_159' title='bbox 1097 2121 1491 2194; x_wconf 82' lang='grc' dir='ltr'><em>θεωρούμενος</em></span> <span class='ocrx_word' id='word_1_160' title='bbox 1538 2125 1613 2184; x_wconf 87' lang='grc' dir='ltr'><em>εἰς</em></span> <span class='ocrx_word' id='word_1_161' title='bbox 1658 2119 1840 2191; x_wconf 83' lang='grc' dir='ltr'><em>λήθην</em></span> 
     </span>
     <span class='ocr_line' id='line_1_25' title="bbox 241 2201 1839 2277; baseline 0.001 -19"><span class='ocrx_word' id='word_1_162' title='bbox 241 2201 360 2274; x_wconf 78' lang='grc' dir='ltr'><em>ἥξοι</em></span> <span class='ocrx_word' id='word_1_163' title='bbox 386 2202 446 2258; x_wconf 83' lang='grc' dir='ltr'><em>τὸ</em></span> <span class='ocrx_word' id='word_1_164' title='bbox 472 2201 592 2260; x_wconf 90' lang='grc' dir='ltr'><em>κατ’</em></span> <span class='ocrx_word' id='word_1_165' title='bbox 621 2207 855 2260; x_wconf 89' lang='grc' dir='ltr'><em>ἐκείνου.</em></span> <span class='ocrx_word' id='word_1_166' title='bbox 885 2207 977 2260; x_wconf 77' lang='grc' dir='ltr'><em>καὶ</em></span> <span class='ocrx_word' id='word_1_167' title='bbox 1013 2202 1071 2271; x_wconf 78' lang='grc' dir='ltr'><em>ὃς</em></span> <span class='ocrx_word' id='word_1_168' title='bbox 1107 2211 1268 2262; x_wconf 83' lang='grc' dir='ltr'><em>τοῦτο</em></span> <span class='ocrx_word' id='word_1_169' title='bbox 1293 2203 1678 2276; x_wconf 80' lang='grc' dir='ltr'><em>ὑπεραλγήσας</em></span> <span class='ocrx_word' id='word_1_170' title='bbox 1705 2201 1839 2277; x_wconf 78' lang='grc' dir='ltr'><em>ἀρᾶ-</em></span> 
     </span>
     <span class='ocr_line' id='line_1_26' title="bbox 174 2287 1839 2364; baseline -0.001 -18"><span class='ocrx_word' id='word_1_171' title='bbox 174 2304 227 2346; x_wconf 76' lang='lat'><em>25</em></span> <span class='ocrx_word' id='word_1_172' title='bbox 242 2312 330 2345; x_wconf 87' lang='grc' dir='ltr'><em>ται</em></span> <span class='ocrx_word' id='word_1_173' title='bbox 358 2288 573 2356; x_wconf 89' lang='grc' dir='ltr'><em>τούτοις</em></span> <span class='ocrx_word' id='word_1_174' title='bbox 602 2289 703 2361; x_wconf 87' lang='grc' dir='ltr'><em>τὴν</em></span> <span class='ocrx_word' id='word_1_175' title='bbox 727 2296 1014 2362; x_wconf 87' lang='grc' dir='ltr'><em>βασιλείαν</em></span> <span class='ocrx_word' id='word_1_176' title='bbox 1038 2291 1246 2364; x_wconf 75' lang='grc' dir='ltr'><em>σιδήρῳ</em></span> <span class='ocrx_word' id='word_1_177' title='bbox 1283 2296 1519 2361; x_wconf 89' lang='grc' dir='ltr'><em>μερίσαι.</em></span> <span class='ocrx_word' id='word_1_178' title='bbox 1567 2294 1626 2344; x_wconf 79' lang='grc' dir='ltr'><em>οἳ</em></span> <span class='ocrx_word' id='word_1_179' title='bbox 1653 2289 1715 2345; x_wconf 79' lang='grc' dir='ltr'><em>δὲ</em></span> <span class='ocrx_word' id='word_1_180' title='bbox 1748 2287 1839 2354; x_wconf 75' lang='grc' dir='ltr'><em>τὰς</em></span> 
     </span>
     <span class='ocr_line' id='line_1_27' title="bbox 241 2372 1835 2447; baseline 0 -18"><span class='ocrx_word' id='word_1_181' title='bbox 241 2380 338 2429; x_wconf 85' lang='grc' dir='ltr'><em>τοῦ</em></span> <span class='ocrx_word' id='word_1_182' title='bbox 364 2384 568 2447; x_wconf 76' lang='grc' dir='ltr'><em>πατρὸς</em></span> <span class='ocrx_word' id='word_1_183' title='bbox 603 2372 737 2446; x_wconf 78' lang='grc' dir='ltr'><em>ἀράς</em></span> <span class='ocrx_word' id='word_1_184' title='bbox 763 2374 1006 2440; x_wconf 87' lang='grc' dir='ltr'><em>δεδιότες</em></span> <span class='ocrx_word' id='word_1_185' title='bbox 1041 2380 1391 2446; x_wconf 77' lang='grc' dir='ltr'><em>μηχανῶνται</em></span> <span class='ocrx_word' id='word_1_186' title='bbox 1426 2373 1669 2430; x_wconf 87' lang='grc' dir='ltr'><em>τοιόνδε·</em></span> <span class='ocrx_word' id='word_1_187' title='bbox 1724 2379 1835 2444; x_wconf 85' lang='grc' dir='ltr'><em>ἔχε-</em></span> 
     </span>
     <span class='ocr_line' id='line_1_28' title="bbox 243 2457 1841 2532; baseline -0.001 -19"><span class='ocrx_word' id='word_1_188' title='bbox 243 2468 376 2514; x_wconf 89' lang='grc' dir='ltr'><em>σθαι</em></span> <span class='ocrx_word' id='word_1_189' title='bbox 400 2465 494 2530; x_wconf 86' lang='grc' dir='ltr'><em>τῆς</em></span> <span class='ocrx_word' id='word_1_190' title='bbox 519 2457 687 2531; x_wconf 84' lang='grc' dir='ltr'><em>ἀρχῆς</em></span> <span class='ocrx_word' id='word_1_191' title='bbox 712 2463 810 2516; x_wconf 78' lang='grc' dir='ltr'><em>ἕνα</em></span> <span class='ocrx_word' id='word_1_192' title='bbox 844 2458 975 2532; x_wconf 78' lang='grc' dir='ltr'><em>παρ’</em></span> <span class='ocrx_word' id='word_1_193' title='bbox 1009 2462 1104 2517; x_wconf 81' lang='grc' dir='ltr'><em>ἕνα</em></span> <span class='ocrx_word' id='word_1_194' title='bbox 1134 2461 1226 2515; x_wconf 81' lang='grc' dir='ltr'><em>καὶ</em></span> <span class='ocrx_word' id='word_1_195' title='bbox 1261 2459 1460 2530; x_wconf 86' lang='grc' dir='ltr'><em>ταύτης</em></span> <span class='ocrx_word' id='word_1_196' title='bbox 1489 2472 1841 2531; x_wconf 79' lang='grc' dir='ltr'><em>παραχωρεῖν</em></span> 
     </span>
     <span class='ocr_line' id='line_1_29' title="bbox 241 2540 1838 2618; baseline -0.001 -19"><span class='ocrx_word' id='word_1_197' title='bbox 241 2544 460 2618; x_wconf 76' lang='grc' dir='ltr'><em>θατέρῳ</em></span> <span class='ocrx_word' id='word_1_198' title='bbox 496 2545 754 2616; x_wconf 89' lang='grc' dir='ltr'><em>θάτερον.</em></span> <span class='ocrx_word' id='word_1_199' title='bbox 788 2543 816 2601; x_wconf 85' lang='grc' dir='ltr'><em>ὁ</em></span> <span class='ocrx_word' id='word_1_200' title='bbox 843 2552 1039 2601; x_wconf 90' lang='grc' dir='ltr'><em>τοίνυν</em></span> <span class='ocrx_word' id='word_1_201' title='bbox 1063 2543 1372 2616; x_wconf 83' lang='grc' dir='ltr'><em>Ἐτεοκλῆς,</em></span> <span class='ocrx_word' id='word_1_202' title='bbox 1399 2541 1493 2600; x_wconf 76' lang='grc' dir='ltr'><em>ἅτε</em></span> <span class='ocrx_word' id='word_1_203' title='bbox 1518 2550 1731 2615; x_wconf 77' lang='grc' dir='ltr'><em>πρῶτος</em></span> <span class='ocrx_word' id='word_1_204' title='bbox 1762 2540 1838 2598; x_wconf 70' lang='grc' dir='ltr'><em>ὦν</em></span> 
     </span>
     <span class='ocr_line' id='line_1_30' title="bbox 242 2626 1838 2702; baseline -0.001 -19"><span class='ocrx_word' id='word_1_205' title='bbox 242 2634 340 2684; x_wconf 85' lang='grc' dir='ltr'><em>τοῦ</em></span> <span class='ocrx_word' id='word_1_206' title='bbox 365 2626 614 2700; x_wconf 82' lang='grc' dir='ltr'><em>ἀδελφοῦ</em></span> <span class='ocrx_word' id='word_1_207' title='bbox 640 2632 732 2685; x_wconf 86' lang='grc' dir='ltr'><em>καὶ</em></span> <span class='ocrx_word' id='word_1_208' title='bbox 767 2636 980 2702; x_wconf 77' lang='grc' dir='ltr'><em>πρῶτος</em></span> <span class='ocrx_word' id='word_1_209' title='bbox 1004 2636 1099 2701; x_wconf 78' lang='grc' dir='ltr'><em>τῆς</em></span> <span class='ocrx_word' id='word_1_210' title='bbox 1127 2628 1294 2701; x_wconf 83' lang='grc' dir='ltr'><em>ἀρχῆς</em></span> <span class='ocrx_word' id='word_1_211' title='bbox 1319 2627 1523 2700; x_wconf 77' lang='grc' dir='ltr'><em>ἥψατο,</em></span> <span class='ocrx_word' id='word_1_212' title='bbox 1558 2635 1838 2685; x_wconf 78' lang='grc' dir='ltr'><em>Πολυνεί-</em></span> 
     </span>
     <span class='ocr_line' id='line_1_31' title="bbox 173 2711 1838 2787; baseline -0.002 -15"><span class='ocrx_word' id='word_1_213' title='bbox 173 2727 336 2786; x_wconf 80' lang='grc' dir='ltr'><em>3οκης</em></span> <span class='ocrx_word' id='word_1_214' title='bbox 362 2713 424 2770; x_wconf 73' lang='grc' dir='ltr'><em>δὲ</em></span> <span class='ocrx_word' id='word_1_215' title='bbox 451 2711 772 2787; x_wconf 78' lang='grc' dir='ltr'><em>ὑπεχώρησε</em></span> <span class='ocrx_word' id='word_1_216' title='bbox 810 2717 902 2770; x_wconf 79' lang='grc' dir='ltr'><em>καὶ</em></span> <span class='ocrx_word' id='word_1_217' title='bbox 936 2717 1290 2778; x_wconf 86' lang='grc' dir='ltr'><em>τελεσθέντος</em></span> <span class='ocrx_word' id='word_1_218' title='bbox 1327 2718 1585 2770; x_wconf 83' lang='grc' dir='ltr'><em>ἐνιαυτοῦ</em></span> <span class='ocrx_word' id='word_1_219' title='bbox 1612 2711 1838 2785; x_wconf 87' lang='grc' dir='ltr'><em>ἀφίκετο</em></span> 
     </span>
     <span class='ocr_line' id='line_1_32' title="bbox 243 2797 1837 2871; baseline -0.001 -17"><span class='ocrx_word' id='word_1_220' title='bbox 243 2798 378 2871; x_wconf 86' lang='grc' dir='ltr'><em>πρὸς</em></span> <span class='ocrx_word' id='word_1_221' title='bbox 402 2799 500 2855; x_wconf 82' lang='grc' dir='ltr'><em>τὸν</em></span> <span class='ocrx_word' id='word_1_222' title='bbox 536 2797 783 2871; x_wconf 80' lang='grc' dir='ltr'><em>ἀδελφὸν</em></span> <span class='ocrx_word' id='word_1_223' title='bbox 809 2806 978 2855; x_wconf 79' lang='grc' dir='ltr'><em>αἰτῶν</em></span> <span class='ocrx_word' id='word_1_224' title='bbox 1014 2801 1107 2855; x_wconf 86' lang='grc' dir='ltr'><em>καὶ</em></span> <span class='ocrx_word' id='word_1_225' title='bbox 1140 2797 1307 2864; x_wconf 82' lang='grc' dir='ltr'><em>αὐτὸς</em></span> <span class='ocrx_word' id='word_1_226' title='bbox 1345 2797 1530 2871; x_wconf 72' lang='grc' dir='ltr'><em>ἄρξειν</em></span> <span class='ocrx_word' id='word_1_227' title='bbox 1565 2797 1837 2854; x_wconf 89' lang='grc' dir='ltr'><em>ἐνιαυτόν.</em></span> 
     </span>
     <span class='ocr_line' id='line_1_33' title="bbox 238 2880 1840 2956; baseline -0.002 -17"><span class='ocrx_word' id='word_1_228' title='bbox 238 2881 516 2956; x_wconf 84' lang='grc' dir='ltr'><em>Ἐτεοκλῆς</em></span> <span class='ocrx_word' id='word_1_229' title='bbox 552 2885 613 2940; x_wconf 76' lang='grc' dir='ltr'><em>δὲ</em></span> <span class='ocrx_word' id='word_1_230' title='bbox 649 2882 778 2940; x_wconf 74' lang='grc' dir='ltr'><em>οὔτε</em></span> <span class='ocrx_word' id='word_1_231' title='bbox 824 2887 1006 2956; x_wconf 82' lang='grc' dir='ltr'><em>ἐξέστη</em></span> <span class='ocrx_word' id='word_1_232' title='bbox 1046 2891 1142 2956; x_wconf 87' lang='grc' dir='ltr'><em>τῆς</em></span> <span class='ocrx_word' id='word_1_233' title='bbox 1180 2882 1346 2956; x_wconf 82' lang='grc' dir='ltr'><em>ἀρχῆς</em></span> <span class='ocrx_word' id='word_1_234' title='bbox 1382 2885 1474 2940; x_wconf 75' lang='grc' dir='ltr'><em>καὶ</em></span> <span class='ocrx_word' id='word_1_235' title='bbox 1519 2880 1711 2953; x_wconf 72' lang='grc' dir='ltr'><em>ἄτιμον</em></span> <span class='ocrx_word' id='word_1_236' title='bbox 1744 2903 1840 2937; x_wconf 90' lang='grc' dir='ltr'><em>τον</em></span> 
     </span>
    </p>
   </div>
  </div>
 </body>
</html>
