2018 3117
222 889 341 939 XO.

223 973 334 1024 ΦΡ.

896 67 1210 115 ΟΡΕΣΤΗΣ

415 209 659 280 κτύπησε
683 213 856 280 κρᾶτα
879 208 1074 277 μέλεον
1098 213 1301 280 πλαγᾷ·

417 299 572 366 φυγᾷ
596 291 657 348 δὲ
681 292 811 347 ποδὶ
833 289 892 345 τὸ
917 290 1393 363 χρυσεοσάνδαλον

413 385 559 448 ἴχνος
585 383 785 448 ἔφερεν
812 381 1038 448 ἔφερεν·

417 464 468 526 ἐς
493 459 662 532 κόμας
687 459 748 516 δὲ
772 459 1077 524 δακτύλους
1100 458 1273 514 δικων
1291 456 1562 533 Ὀρέστας,

414 542 704 617 Μυκηνίδ’
738 540 988 617 ἀρβύλαν
1012 543 1236 615 προβάς,

416 627 582 701 ὤμοις
606 626 975 701 ἀριστεροῖσιν
1001 625 1311 695 ἀνακλάσας
1337 631 1521 701 δέρην,

417 720 602 770 παίειν
626 720 834 786 λαιμῶν
855 718 1076 784 ἔμελλεν

418 804 521 855 ἔσω
549 801 719 870 μέλαν
742 801 913 870 ξίφος.

413 889 521 939 ποῦ
547 880 665 955 δῆτ’
695 881 928 956 ἀμύνειν
953 887 1011 939 οἶ
1031 881 1167 939 κατὰ
1191 886 1381 955 στέγας
1406 883 1657 955 Φρύγες,

414 973 539 1041 ἰαχᾷ
563 967 750 1039 δόμων
774 967 1022 1040 θύρετρα
1047 970 1139 1024 καὶ
1163 967 1444 1040 σταθμοὺς

415 1060 698 1125 μοχλοῖσιν
724 1053 1046 1124 ἐκβαλόντες
1064 1096 1078 1123 ,
1109 1050 1232 1109 ἔνθ’
1265 1056 1580 1125 ἐμίμνομεν,

413 1142 832 1210 βοηδρομοῦμεν
858 1135 1017 1202 ἄλλος
1041 1134 1281 1193 ἄλλοθεν
1306 1141 1512 1210 στέγης,

414 1221 445 1279 ὃ
469 1223 569 1293 μὲν
594 1224 854 1295 πέτρους,
879 1219 911 1279 ἲ)
939 1219 991 1277 δ’
1021 1219 1280 1293 ἀγκύλας,

412 1308 444 1363 ἲ)
471 1306 531 1362 δὲ
555 1308 708 1378 ξίφος
733 1306 1028 1380 πρόκωπον
1055 1310 1113 1362 ἐν
1135 1320 1320 1381 χεροῖν
1346 1313 1500 1379 ἔχων.

417 1397 615 1449 ἔναντα
643 1389 694 1447 δ’
723 1383 899 1462 ἦλθεν

414 1476 676 1548 Πυλάδης
705 1472 983 1547 ἀλίαστος,
1018 1473 1129 1542 οἷος
1157 1473 1269 1542 οἷος

405 1557 616 1634 ’Έκτωρ
643 1559 669 1618 ὁ
697 1561 939 1634 Φρύγιος
964 1557 997 1632 ἢ
1020 1560 1356 1634 τρικόρυθος
1379 1570 1537 1632 Αἰάς,

418 1642 483 1701 ὃν
510 1645 661 1702 εἶδον
687 1646 836 1702 εἶδον
862 1650 921 1703 ἐν
948 1646 1175 1702 πύλαισι
1199 1652 1501 1719 Πριαμίσιν
1518 1665 1529 1674 ·

414 1730 716 1802 φασγάνων
741 1727 791 1787 δ’
821 1728 991 1802 ἀκμὰς
1015 1730 1355 1803 συνήψαμεν.

416 1814 536 1871 τότε
561 1819 626 1888 δὴ
645 1814 764 1872 τότε
789 1819 1105 1889 διαπρεπεῖς
1135 1818 1388 1888 ἐγένοντο
1416 1816 1650 1889 Φρύγες,

417 1897 550 1956 ὅσον
560 1898 690 1973 ”Ape
675 1924 754 1966 ος
782 1897 956 1957 ἀλκὰν
981 1898 1209 1973 ἥσσονες
1237 1898 1491 1966 Ἑλλάδος

415 1983 736 2057 ἐγενόμεσθ’
767 1991 974 2057 αιχμᾶς.

415 2069 447 2125 ὃ
473 2092 573 2140 μεν
600 2069 878 2140 οιχόμενος
905 2070 1112 2142 φυγάς,
1139 2064 1166 2125 ὸ
1196 2070 1257 2126 δε
1281 2073 1447 2135 νέκυς
1480 2093 1575 2141 ων,

418 2177 444 2210 ο
475 2153 537 2209 δε
565 2160 778 2227 τραῦμα
803 2157 1015 2225 φέρων,
1043 2153 1071 2210 ὃ
1096 2154 1156 2209 δε
1181 2155 1517 2226 λισσόμενος,

416 2237 666 2294 θανάτου
693 2237 970 2311 προβολάν
987 2257 997 2266 ·

420 2319 528 2379 ὑπὸ
555 2323 751 2379 σκότον
775 2328 808 2379 δ
815 2320 827 2341 '
859 2322 1190 2396 ἐφεύγομεν·

1769 559 1877 606 1470

1769 1151 1879 1196 1475

1769 1573 1880 1618 1480

1770 1998 1881 2043 1485

419 2409 608 2479 νεκροὶ
636 2405 688 2464 δ’
720 2414 972 2479 ἔπιπτον,
998 2412 1057 2463 οἳ
1075 2405 1126 2464 δ’
1158 2413 1414 2478 ἔμελλον,
1451 2413 1507 2463 οἳ
1527 2404 1578 2464 δ’
1608 2401 1825 2464 ἔκειντ’.

419 2498 578 2564 ἔμολε
603 2490 654 2548 δ’
689 2490 721 2548 ἆ
744 2490 953 2548 τάλαιν’
976 2490 1229 2565 Ἑρμιόνα
1261 2491 1464 2564 δόμους

1772 2504 1881 2548 1490

421 2577 511 2633 ἐπὶ
538 2577 694 2653 φόνῳ
720 2591 1042 2650 χαμαιπετεῖ
1073 2577 1300 2651 ματρός,
1337 2574 1371 2632 ά
1407 2601 1497 2655 νιν
1534 2584 1718 2635 ἔτεκεν
1752 2575 1881 2632 τλά-

979 2686 1114 2734 μων.

423 2741 664 2818 ἄθυρσοι
687 2742 742 2803 δ’
773 2742 861 2803 οἷά
891 2771 980 2803 νιν
1008 2746 1280 2819 δραμόντε
1306 2748 1510 2817 Βάκχαι

423 2830 671 2902 σκύμνον
696 2834 755 2888 ἐν
777 2845 962 2904 χεροῖν
989 2830 1176 2905 ὀρείαν
