2018 3117
116 1560 225 1610 PH.

827 72 1058 119 ΡΗΣΟΣ
1651 73 1751 125 323

299 213 476 264 καίτοι
505 225 566 264 σε
590 215 785 281 μικρᾶς
812 212 870 265 ἐκ
894 214 1220 282 τυραννίδος
1248 212 1420 282 μέγαν

303 298 536 366 Θρῃκῶν
562 289 768 349 ἄνακτα
801 291 921 366 τῇδ’
956 291 1112 365 ἔθηκ’
1144 293 1249 365 ε’γώ
1272 302 1408 367 χερί,

303 373 384 431 ὅτ’
415 374 556 448 ἀμφὶ
583 376 869 448 Πάγγαιόν
891 401 948 432 τε
970 378 1232 434 Παιόνων
1255 403 1313 436 τε
1336 386 1441 482 γῆν

302 467 536 533 Θρῃκων
563 458 801 532 ἀρίστοις
825 460 1075 569 ἐμπεσών
1102 461 1237 518 κατὰ
1263 465 1433 535 στόμα

299 548 495 618 ἔρρηξα
519 548 748 646 πέλτην,
778 546 863 601 σοὶ
889 545 949 600 δὲ
975 546 1257 612 δουλώσας
1279 547 1422 604 λεών
1672 563 1755 608 410

303 632 601 701 παρέσχον·
635 653 713 684 ων
737 628 805 684 σὺ
831 635 1087 694 λακτίσας
1110 630 1318 703 πολλὴν
1343 656 1520 706 χαριν,

300 720 479 784 φίλων
503 713 818 769 νοσούντων
842 710 1070 785 ύστερος
1098 720 1440 789 βοηδρομεῖς.

301 801 358 853 οἱ
380 795 434 853 δ’
465 794 631 853 οὐδὲν
656 794 786 868 ἡμῖν
812 801 1052 869 ἐγγενεῖς
1076 800 1398 872 πεφυκότες,

300 881 465 937 πάλαι
489 881 785 954 παρόντες,
810 887 867 937 οἳ
886 882 988 953 μὲν
1017 884 1076 937 ἐν
1100 897 1327 953 χωστοῖς
1352 885 1544 956 τάφοις

300 977 507 1022 κεῖνται
532 967 791 1030 πεσόντες
808 1009 822 1037 ,
853 972 1031 1031 πίστις
1056 964 1122 1022 οὐ
1148 967 1348 1041 σμικρὰ
1377 969 1549 1040 πόλει,
1673 983 1756 1028 415

297 1057 358 1106 οἳ
375 1047 426 1106 δ’
457 1055 517 1106 ε”ν
544 1047 605 1105 θ’
636 1047 850 1106 ὅπλοισι
874 1053 965 1106 καὶ
989 1049 1117 1123 παρ’
1155 1056 1389 1118 ἱππείοις
1423 1050 1569 1124 ὅχοις

220 1154 271 1198 4
301 1132 520 1207 ψυχρὰν
543 1132 704 1206 ἄησιν
729 1134 916 1200 δίψιόν
943 1158 1000 1190 τε
1024 1141 1135 1208 πῦρ
1161 1143 1302 1192 θεοῦ

297 1209 975 1291 μέῆυσῐκῖρῗερόῦντες,
1004 1216 1106 1274 οὐκ
1133 1223 1192 1275 ἐν
1216 1225 1457 1292 δεμνίοις

258 1334 260 1337 ·
297 1302 517 1374 πυκνὴν
544 1300 776 1375 ἄμυστιν
801 1299 872 1368 ὧς
897 1302 966 1359 σὺ
991 1303 1347 1376 δεξιούμενοι.

300 1386 486 1457 ταῦθ’,
515 1385 585 1452 ὡς
608 1383 677 1443 ἂν
704 1392 850 1460 εἰδῇς
869 1385 1083 1460 Ἕκτορ’
1113 1386 1227 1445 ὅντ’
1261 1389 1575 1463 ἐλεύθερον,
1674 1407 1756 1448 420

297 1474 389 1527 καὶ
417 1474 705 1544 μέμφομαί
723 1490 810 1528 σοι
834 1474 925 1528 καὶ
954 1474 1093 1544 λέγω
1120 1471 1240 1529 κατ’
1268 1471 1413 1544 ὄμμα
1438 1474 1554 1530 σόν.

299 1556 545 1621 τοιοῦτός
572 1562 680 1628 εἰμι
704 1554 930 1626 καύτός,
959 1554 1189 1612 εὐθεῖαν
1212 1558 1391 1628 λόγων

299 1643 511 1712 τέμνων
536 1643 834 1710 κέλευθον,
862 1638 964 1696 κού
990 1645 1219 1706 διπλοῦς
1244 1640 1451 1713 πέφυκ’
1480 1640 1634 1716 ἀνήρ.

733 1721 1172 1743 ἏἏἏἏ

302 1809 441 1881 λύπῃ
466 1797 602 1881 πρὸς
625 1802 771 1881 ἧπαρ
799 1813 1149 1882 δυσφορων’
1124 1810 1433 1883 ετειρόμην·
1674 1825 1754 1867 425

296 1890 423 1948 ἀλλ’
452 1889 791 1965 ἀγχιτέρμων
814 1893 943 1964 γαῖα
965 1917 1087 1965 μοι,
1113 1895 1345 1965 Σκύθης
1368 1895 1520 1967 λεώς,

297 1979 549 2048 μέλλοντι
568 1977 765 2033 νόστον
788 1977 884 2033 τὸν
908 1975 1222 2051 πρόςἼλιον
1245 1986 1419 2051 περᾶν

296 2063 504 2132 ξυνῆψε
527 2062 790 2133 πόλεμον·
816 2060 1064 2129 Εὐξένου
1087 2060 1139 2118 δ’
1169 2061 1447 2134 ἀφικόμην

297 2145 503 2203 πόντου
529 2145 664 2218 πρὸς
690 2143 881 2217 ἀκτάς,
915 2152 1103 2219 Θρῇκα
1127 2148 1478 2220 πορθμεύσας
1503 2147 1752 2221 στρατόν.

298 2228 422 2286 ἕνθ’
452 2229 745 2304 αἱματηρὸς
771 2233 1001 2297 πέλανος
1032 2234 1084 2300 ἐς
1127 2244 1290 2303 γαῖαν
1313 2232 1547 2304 Σκύθης
1672 2246 1757 2289 430

297 2312 542 2385 ἠντλεῖτο
565 2316 732 2388 λόγχῃ
758 2316 904 2389 Θρῄξ
931 2338 989 2371 τε
1013 2315 1285 2387 συμμιγὴς
1316 2315 1499 2387 φόνος.

295 2399 479 2456 τοιάδε
501 2407 590 2456 τοί
607 2397 665 2472 μ’
696 2398 922 2471 ἀπεῖργε
946 2398 1204 2471 συμφορὰ
1231 2401 1398 2455 πέδον

307 2489 502 2555 Τροίας
530 2487 746 2541 ἱκέσθαι
771 2483 1056 2555 σύμμαχόν
1080 2485 1141 2538 τέ
1163 2500 1247 2538 σοι
1274 2491 1480 2554 μολεῖν.

298 2569 415 2623 ἐπεὶ
438 2565 489 2622 δ’
520 2574 745 2642 ἔπερσα,
771 2565 938 2623 τωνδ’
967 2565 1275 2639 ὁμηρεύσας
1299 2569 1479 2638 τέκνα,

299 2650 500 2718 τάξας’
481 2657 655 2709 ε’τειον
679 2651 889 2724 δασμὸν
921 2657 994 2717 εἰς
1020 2652 1220 2723 δόμους
1247 2654 1455 2725 φέρειν,
1671 2663 1754 2707 435

303 2732 417 2806 ἥκω
448 2737 683 2808 περάσας
706 2738 872 2793 ναυσι
897 2736 1122 2792 πόντιον
1146 2735 1332 2808 στόμα,

298 2843 362 2875 τα
388 2817 440 2875 δ’
474 2818 610 2877 αλλα
635 2819 788 2888 πεζὸς
810 2826 908 2893 γῆς
932 2827 1115 2893 περῶν
1138 2817 1433 2950 θρίσματέἰ
1449 2899 1472 2928 *¹
