<?xml version="1.0" encoding="UTF-8"?>
<!DOCTYPE html PUBLIC "-//W3C//DTD XHTML 1.0 Transitional//EN"
    "http://www.w3.org/TR/xhtml1/DTD/xhtml1-transitional.dtd">
<html xmlns="http://www.w3.org/1999/xhtml" xml:lang="en" lang="en">
 <head>
  <title>
</title>
<meta http-equiv="Content-Type" content="text/html;charset=utf-8" />
  <meta name='ocr-system' content='tesseract 3.04.00' />
  <meta name='ocr-capabilities' content='ocr_page ocr_carea ocr_par ocr_line ocrx_word'/>
</head>
<body>
  <div class='ocr_page' id='page_1' title='image "./euripidistragoe02euriuoft_0313.png"; bbox 0 0 2018 3117; ppageno 0'>
   <div class='ocr_carea' id='block_1_1' title="bbox 129 396 253 445">
    <p class='ocr_par' dir='ltr' id='par_1_1' title="bbox 129 396 253 445">
     <span class='ocr_line' id='line_1_1' title="bbox 129 396 253 445; baseline -0.016 1"><span class='ocrx_word' id='word_1_1' title='bbox 129 396 253 445; x_wconf 90' lang='lat' dir='ltr'><strong><em>ME.</em></strong></span> 
     </span>
    </p>
   </div>
   <div class='ocr_carea' id='block_1_2' title="bbox 131 481 237 529">
    <p class='ocr_par' dir='ltr' id='par_1_2' title="bbox 131 481 237 529">
     <span class='ocr_line' id='line_1_2' title="bbox 131 481 237 529; baseline -0.009 0"><span class='ocrx_word' id='word_1_2' title='bbox 131 481 237 529; x_wconf 76' lang='grc' dir='ltr'><strong><em>ΤΥ.</em></strong></span> 
     </span>
    </p>
   </div>
   <div class='ocr_carea' id='block_1_3' title="bbox 815 77 1775 128">
    <p class='ocr_par' dir='ltr' id='par_1_3' title="bbox 815 77 1775 128">
     <span class='ocr_line' id='line_1_3' title="bbox 815 77 1775 128; baseline 0.001 -1"><span class='ocrx_word' id='word_1_3' title='bbox 815 80 1131 127; x_wconf 87' lang='grc' dir='ltr'><strong>ΟΡΕΣΤΗΣ</strong></span> <span class='ocrx_word' id='word_1_4' title='bbox 1670 77 1775 128; x_wconf 80' lang='grc'><strong><em>263</em></strong></span> 
     </span>
    </p>
   </div>
   <div class='ocr_carea' id='block_1_4' title="bbox 311 216 1777 881">
    <p class='ocr_par' dir='ltr' id='par_1_4' title="bbox 313 216 1461 293">
     <span class='ocr_line' id='line_1_4' title="bbox 313 216 1461 293; baseline -0.002 -18"><span class='ocrx_word' id='word_1_5' title='bbox 313 217 475 293; x_wconf 85' lang='grc' dir='ltr'><strong><em>αγετέ</em></strong></span> <span class='ocrx_word' id='word_1_6' title='bbox 493 237 585 291; x_wconf 85' lang='grc' dir='ltr'><strong><em>με·</em></strong></span> <span class='ocrx_word' id='word_1_7' title='bbox 614 219 749 291; x_wconf 84' lang='grc' dir='ltr'><strong><em>πρὸς</em></strong></span> <span class='ocrx_word' id='word_1_8' title='bbox 774 221 878 291; x_wconf 74' lang='grc' dir='ltr'><strong><em>γὰρ</em></strong></span> <span class='ocrx_word' id='word_1_9' title='bbox 905 217 1090 286; x_wconf 76' lang='grc' dir='ltr'><strong><em>δεξιὰν</em></strong></span> <span class='ocrx_word' id='word_1_10' title='bbox 1114 216 1287 274; x_wconf 80' lang='grc' dir='ltr'><strong><em>αὐτοῦ</em></strong></span> <span class='ocrx_word' id='word_1_11' title='bbox 1312 219 1461 273; x_wconf 78' lang='grc' dir='ltr'><strong><em>θέλω</em></strong></span> 
     </span>
    </p>

    <p class='ocr_par' dir='ltr' id='par_1_5' title="bbox 311 300 1776 459">
     <span class='ocr_line' id='line_1_5' title="bbox 313 300 1776 375; baseline -0.001 -16"><span class='ocrx_word' id='word_1_12' title='bbox 313 303 440 368; x_wconf 78' lang='grc' dir='ltr'><strong><em>στὰς</em></strong></span> <span class='ocrx_word' id='word_1_13' title='bbox 465 300 846 374; x_wconf 76' lang='grc' dir='ltr'><strong><em>ἀσπάσασθαι,</em></strong></span> <span class='ocrx_word' id='word_1_14' title='bbox 872 304 1090 375; x_wconf 75' lang='grc' dir='ltr'><strong><em>χρόνιος</em></strong></span> <span class='ocrx_word' id='word_1_15' title='bbox 1124 301 1347 360; x_wconf 81' lang='grc' dir='ltr'><strong><em>εισιδών</em></strong></span> <span class='ocrx_word' id='word_1_16' title='bbox 1372 308 1556 374; x_wconf 81' lang='grc' dir='ltr'><strong><em>φίλον.</em></strong></span> <span class='ocrx_word' id='word_1_17' title='bbox 1691 316 1776 360; x_wconf 77' lang='lat'><strong><em>475</em></strong></span> 
     </span>
     <span class='ocr_line' id='line_1_6' title="bbox 311 385 1538 495; baseline -0.002 -52"><span class='ocrx_word' id='word_1_18' title='bbox 311 389 352 443; x_wconf 83' lang='grc' dir='ltr'><strong><em>ώ</em></strong></span> <span class='ocrx_word' id='word_1_19' title='bbox 379 390 591 459; x_wconf 88' lang='grc' dir='ltr'><strong><em>πρέσβυ</em></strong></span> <span class='ocrx_word' id='word_1_20' title='bbox 614 400 797 495; x_wconf 82' lang='grc' dir='ltr'><strong><em>χαῖρε,</em></strong></span> <span class='ocrx_word' id='word_1_21' title='bbox 823 386 998 458; x_wconf 85' lang='grc' dir='ltr'><strong><em>Ζηνὸς</em></strong></span> <span class='ocrx_word' id='word_1_22' title='bbox 1023 385 1357 458; x_wconf 74' lang='grc' dir='ltr'><strong><em>ὁμόλεκτρον</em></strong></span> <span class='ocrx_word' id='word_1_23' title='bbox 1380 385 1538 492; x_wconf 79' lang='grc' dir='ltr'><strong><em>κάρα.</em></strong></span> 
     </span>
    </p>

    <p class='ocr_par' dir='ltr' id='par_1_6' title="bbox 312 468 1521 544">
     <span class='ocr_line' id='line_1_7' title="bbox 312 468 1521 544; baseline -0.002 -16"><span class='ocrx_word' id='word_1_24' title='bbox 312 475 352 528; x_wconf 87' lang='grc' dir='ltr'><strong><em>ώ</em></strong></span> <span class='ocrx_word' id='word_1_25' title='bbox 379 485 531 544; x_wconf 86' lang='grc' dir='ltr'><strong><em>χαῖρε</em></strong></span> <span class='ocrx_word' id='word_1_26' title='bbox 555 473 646 528; x_wconf 84' lang='grc' dir='ltr'><strong><em>καὶ</em></strong></span> <span class='ocrx_word' id='word_1_27' title='bbox 670 471 740 527; x_wconf 82' lang='grc' dir='ltr'><strong><em>σὺ</em></strong></span> <span class='ocrx_word' id='word_1_28' title='bbox 762 475 1085 542; x_wconf 88' lang='grc' dir='ltr'><strong><em>Μενέλεως,</em></strong></span> <span class='ocrx_word' id='word_1_29' title='bbox 1112 468 1345 542; x_wconf 79' lang='grc' dir='ltr'><em>κήδευμ’</em></span> <span class='ocrx_word' id='word_1_30' title='bbox 1374 470 1521 541; x_wconf 83' lang='grc' dir='ltr'><strong><em>ἐμόν.</em></strong></span> 
     </span>
    </p>

    <p class='ocr_par' dir='ltr' id='par_1_7' title="bbox 314 555 1435 627">
     <span class='ocr_line' id='line_1_8' title="bbox 314 555 1435 627; baseline -0.003 -14"><span class='ocrx_word' id='word_1_31' title='bbox 314 564 399 613; x_wconf 85' lang='grc' dir='ltr'><strong><em>έα·</em></strong></span> <span class='ocrx_word' id='word_1_32' title='bbox 426 555 485 612; x_wconf 86' lang='grc' dir='ltr'><strong><em>τὸ</em></strong></span> <span class='ocrx_word' id='word_1_33' title='bbox 510 559 709 627; x_wconf 90' lang='grc' dir='ltr'><strong><em>μέλλον</em></strong></span> <span class='ocrx_word' id='word_1_34' title='bbox 735 579 807 620; x_wconf 88' lang='grc' dir='ltr'><strong><em>ως</em></strong></span> <span class='ocrx_word' id='word_1_35' title='bbox 832 555 1004 612; x_wconf 87' lang='grc' dir='ltr'><strong><em>κακὸν</em></strong></span> <span class='ocrx_word' id='word_1_36' title='bbox 1029 555 1087 611; x_wconf 88' lang='grc' dir='ltr'>τό</span> <span class='ocrx_word' id='word_1_37' title='bbox 1114 555 1186 626; x_wconf 87' lang='grc' dir='ltr'><strong><em>μὴ</em></strong></span> <span class='ocrx_word' id='word_1_38' title='bbox 1215 557 1435 611; x_wconf 79' lang='grc' dir='ltr'><strong><em>εἰδέναι.</em></strong></span> 
     </span>
    </p>

    <p class='ocr_par' dir='ltr' id='par_1_8' title="bbox 314 637 1541 712">
     <span class='ocr_line' id='line_1_9' title="bbox 314 637 1541 712; baseline -0.002 -15"><span class='ocrx_word' id='word_1_39' title='bbox 314 639 341 697; x_wconf 85' lang='grc' dir='ltr'>ὁ</span> <span class='ocrx_word' id='word_1_40' title='bbox 370 641 749 712; x_wconf 75' lang='grc' dir='ltr'><strong><em>μητροφόντης</em></strong></span> <span class='ocrx_word' id='word_1_41' title='bbox 775 637 869 695; x_wconf 79' lang='grc' dir='ltr'><strong><em>ὅδε</em></strong></span> <span class='ocrx_word' id='word_1_42' title='bbox 894 638 998 711; x_wconf 85' lang='grc' dir='ltr'><strong><em>πρὸ</em></strong></span> <span class='ocrx_word' id='word_1_43' title='bbox 1027 641 1295 710; x_wconf 78' lang='grc' dir='ltr'><strong><em>δωμάτων</em></strong></span> <span class='ocrx_word' id='word_1_44' title='bbox 1320 640 1541 711; x_wconf 88' lang='grc' dir='ltr'><strong><em>δράκων</em></strong></span> 
     </span>
    </p>

    <p class='ocr_par' dir='ltr' id='par_1_9' title="bbox 313 720 1777 881">
     <span class='ocr_line' id='line_1_10' title="bbox 313 720 1777 796; baseline -0.003 -15"><span class='ocrx_word' id='word_1_45' title='bbox 313 732 520 796; x_wconf 83' lang='grc' dir='ltr'><strong><em>στίλβει</em></strong></span> <span class='ocrx_word' id='word_1_46' title='bbox 544 724 806 789; x_wconf 78' lang='grc' dir='ltr'><strong><em>νοσώδεις</em></strong></span> <span class='ocrx_word' id='word_1_47' title='bbox 831 721 1134 795; x_wconf 73' lang='grc' dir='ltr'><strong><em>ἀστραπάς,</em></strong></span> <span class='ocrx_word' id='word_1_48' title='bbox 1160 720 1392 794; x_wconf 80' lang='grc' dir='ltr'><strong><em>στύγημ’</em></strong></span> <span class='ocrx_word' id='word_1_49' title='bbox 1424 723 1569 794; x_wconf 81' lang='grc' dir='ltr'><strong><em>ἐμόν.</em></strong></span> <span class='ocrx_word' id='word_1_50' title='bbox 1693 736 1777 780; x_wconf 77' lang='lat'><strong><em>480</em></strong></span> 
     </span>
     <span class='ocr_line' id='line_1_11' title="bbox 315 806 1562 881; baseline -0.003 -16"><span class='ocrx_word' id='word_1_51' title='bbox 315 813 568 866; x_wconf 52' lang='grc' dir='ltr'><strong><em>[Μενέλαε</em></strong></span> <span class='ocrx_word' id='word_1_52' title='bbox 586 852 599 879; x_wconf 94' lang='grc'><strong><em>,</em></strong></span> <span class='ocrx_word' id='word_1_53' title='bbox 627 811 1007 881; x_wconf 82' lang='grc' dir='ltr'><strong><em>προσφθέγγει</em></strong></span> <span class='ocrx_word' id='word_1_54' title='bbox 1029 832 1121 863; x_wconf 90' lang='grc' dir='ltr'><strong><em>νιν</em></strong></span> <span class='ocrx_word' id='word_1_55' title='bbox 1146 806 1370 864; x_wconf 74' lang='grc' dir='ltr'><strong><em>ἀνόσιον</em></strong></span> <span class='ocrx_word' id='word_1_56' title='bbox 1393 808 1562 879; x_wconf 83' lang='grc' dir='ltr'><strong><em>κάρα;</em></strong></span> 
     </span>
    </p>
   </div>
   <div class='ocr_carea' id='block_1_5' title="bbox 123 892 1776 1555">
    <p class='ocr_par' dir='ltr' id='par_1_10' title="bbox 124 892 1491 965">
     <span class='ocr_line' id='line_1_12' title="bbox 124 892 1491 965; baseline -0.003 -16"><span class='ocrx_word' id='word_1_57' title='bbox 124 901 252 950; x_wconf 91' lang='grc' dir='ltr'><strong><em>ΜΕ.</em></strong></span> <span class='ocrx_word' id='word_1_58' title='bbox 308 901 365 949; x_wconf 91' lang='grc' dir='ltr'><strong><em>τί</em></strong></span> <span class='ocrx_word' id='word_1_59' title='bbox 383 894 517 965; x_wconf 83' lang='grc' dir='ltr'><strong><em>γάρ;</em></strong></span> <span class='ocrx_word' id='word_1_60' title='bbox 545 900 714 965; x_wconf 89' lang='grc' dir='ltr'><strong><em>φίλου</em></strong></span> <span class='ocrx_word' id='word_1_61' title='bbox 739 916 830 964; x_wconf 93' lang='grc' dir='ltr'><strong><em>μοι</em></strong></span> <span class='ocrx_word' id='word_1_62' title='bbox 855 892 1057 965; x_wconf 88' lang='grc' dir='ltr'><strong><em>πατρός</em></strong></span> <span class='ocrx_word' id='word_1_63' title='bbox 1082 896 1229 948; x_wconf 81' lang='grc' dir='ltr'><strong><em>ἐστιν</em></strong></span> <span class='ocrx_word' id='word_1_64' title='bbox 1255 898 1491 962; x_wconf 79' lang='grc' dir='ltr'><strong><em>ἔκγονος.</em></strong></span> 
     </span>
    </p>

    <p class='ocr_par' dir='ltr' id='par_1_11' title="bbox 132 975 1513 1050">
     <span class='ocr_line' id='line_1_13' title="bbox 132 975 1513 1050; baseline -0.003 -16"><span class='ocrx_word' id='word_1_65' title='bbox 132 986 237 1034; x_wconf 75' lang='grc' dir='ltr'><strong><em>ΤΥ.</em></strong></span> <span class='ocrx_word' id='word_1_66' title='bbox 307 985 496 1034; x_wconf 83' lang='grc' dir='ltr'><strong><em>κείνου</em></strong></span> <span class='ocrx_word' id='word_1_67' title='bbox 521 976 625 1050; x_wconf 77' lang='grc' dir='ltr'><strong><em>γὰρ</em></strong></span> <span class='ocrx_word' id='word_1_68' title='bbox 652 975 746 1033; x_wconf 80' lang='grc' dir='ltr'><strong><em>ὅδε</em></strong></span> <span class='ocrx_word' id='word_1_69' title='bbox 772 980 1015 1049; x_wconf 84' lang='grc' dir='ltr'><strong><em>πέφυκε,</em></strong></span> <span class='ocrx_word' id='word_1_70' title='bbox 1042 983 1286 1040; x_wconf 82' lang='grc' dir='ltr'><strong><em>τοιοῦτος</em></strong></span> <span class='ocrx_word' id='word_1_71' title='bbox 1311 975 1513 1047; x_wconf 81' lang='grc' dir='ltr'><strong><em>γεγώς;</em></strong></span> 
     </span>
    </p>

    <p class='ocr_par' dir='ltr' id='par_1_12' title="bbox 123 1062 1351 1134">
     <span class='ocr_line' id='line_1_14' title="bbox 123 1062 1351 1134; baseline -0.002 -16"><span class='ocrx_word' id='word_1_72' title='bbox 123 1071 252 1118; x_wconf 86' lang='grc' dir='ltr'><strong><em>ΜΕ.</em></strong></span> <span class='ocrx_word' id='word_1_73' title='bbox 314 1065 590 1134; x_wconf 84' lang='grc' dir='ltr'><strong><em>πέφυκεν·</em></strong></span> <span class='ocrx_word' id='word_1_74' title='bbox 620 1068 669 1117; x_wconf 77' lang='grc' dir='ltr'><strong><em>εἰ</em></strong></span> <span class='ocrx_word' id='word_1_75' title='bbox 691 1062 750 1117; x_wconf 76' lang='grc' dir='ltr'><strong><em>δὲ</em></strong></span> <span class='ocrx_word' id='word_1_76' title='bbox 775 1066 1061 1133; x_wconf 90' lang='grc' dir='ltr'><strong><em>δυστυχεῖ,</em></strong></span> <span class='ocrx_word' id='word_1_77' title='bbox 1087 1063 1351 1132; x_wconf 78' lang='grc' dir='ltr'><strong><em>τιμητέος.</em></strong></span> 
     </span>
    </p>

    <p class='ocr_par' dir='ltr' id='par_1_13' title="bbox 125 1142 1776 1302">
     <span class='ocr_line' id='line_1_15' title="bbox 131 1142 1776 1219; baseline -0.001 -17"><span class='ocrx_word' id='word_1_78' title='bbox 131 1155 236 1202; x_wconf 82' lang='grc' dir='ltr'><strong><em>ΤΤ.</em></strong></span> <span class='ocrx_word' id='word_1_79' title='bbox 305 1147 753 1219; x_wconf 77' lang='grc' dir='ltr'><strong><em>βεβαρβάρωσαι,</em></strong></span> <span class='ocrx_word' id='word_1_80' title='bbox 778 1147 994 1217; x_wconf 86' lang='grc' dir='ltr'><strong><em>χρόνιος</em></strong></span> <span class='ocrx_word' id='word_1_81' title='bbox 1020 1142 1098 1200; x_wconf 64' lang='grc' dir='ltr'><strong><em>ὢν</em></strong></span> <span class='ocrx_word' id='word_1_82' title='bbox 1122 1150 1182 1202; x_wconf 86' lang='grc' dir='ltr'><strong><em>έν</em></strong></span> <span class='ocrx_word' id='word_1_83' title='bbox 1205 1144 1519 1217; x_wconf 78' lang='grc' dir='ltr'><strong><em>βαρβάροις.</em></strong></span> <span class='ocrx_word' id='word_1_84' title='bbox 1694 1157 1776 1201; x_wconf 76' lang='lat'><strong><em>485</em></strong></span> 
     </span>
     <span class='ocr_line' id='line_1_16' title="bbox 125 1226 1392 1302; baseline -0.002 -16"><span class='ocrx_word' id='word_1_85' title='bbox 125 1238 251 1287; x_wconf 85' lang='lat' dir='ltr'><strong><em>ME.</em></strong></span> <span class='ocrx_word' id='word_1_86' title='bbox 303 1230 620 1302; x_wconf 85' lang='grc' dir='ltr'><strong><em>Ἑλληνικόν</em></strong></span> <span class='ocrx_word' id='word_1_87' title='bbox 644 1254 726 1286; x_wconf 91' lang='grc' dir='ltr'><strong><em>τοι</em></strong></span> <span class='ocrx_word' id='word_1_88' title='bbox 748 1229 845 1286; x_wconf 82' lang='grc' dir='ltr'><strong><em>τὸν</em></strong></span> <span class='ocrx_word' id='word_1_89' title='bbox 870 1228 1079 1301; x_wconf 80' lang='grc' dir='ltr'><strong><em>ὁμόθεν</em></strong></span> <span class='ocrx_word' id='word_1_90' title='bbox 1102 1237 1265 1301; x_wconf 81' lang='grc' dir='ltr'><strong><em>τιμᾶν</em></strong></span> <span class='ocrx_word' id='word_1_91' title='bbox 1291 1226 1392 1284; x_wconf 72' lang='grc' dir='ltr'><strong><em>ἀεί.</em></strong></span> 
     </span>
    </p>

    <p class='ocr_par' dir='ltr' id='par_1_14' title="bbox 130 1313 1622 1387">
     <span class='ocr_line' id='line_1_17' title="bbox 130 1313 1622 1387; baseline -0.002 -16"><span class='ocrx_word' id='word_1_92' title='bbox 130 1324 236 1371; x_wconf 75' lang='lat' dir='ltr'><strong><em>TY.</em></strong></span> <span class='ocrx_word' id='word_1_93' title='bbox 307 1318 399 1372; x_wconf 83' lang='grc' dir='ltr'><strong><em>καὶ</em></strong></span> <span class='ocrx_word' id='word_1_94' title='bbox 423 1322 534 1371; x_wconf 76' lang='grc' dir='ltr'><strong><em>τῶν</em></strong></span> <span class='ocrx_word' id='word_1_95' title='bbox 557 1315 746 1386; x_wconf 90' lang='grc' dir='ltr'><strong><em>νόμων</em></strong></span> <span class='ocrx_word' id='word_1_96' title='bbox 772 1338 833 1385; x_wconf 89' lang='grc' dir='ltr'><strong><em>γε</em></strong></span> <span class='ocrx_word' id='word_1_97' title='bbox 857 1314 929 1385; x_wconf 87' lang='grc' dir='ltr'><strong><em>μὴ</em></strong></span> <span class='ocrx_word' id='word_1_98' title='bbox 956 1315 1226 1387; x_wconf 86' lang='grc' dir='ltr'><strong><em>πρότερον</em></strong></span> <span class='ocrx_word' id='word_1_99' title='bbox 1252 1313 1392 1369; x_wconf 81' lang='grc' dir='ltr'><strong><em>εἶναι</em></strong></span> <span class='ocrx_word' id='word_1_100' title='bbox 1415 1316 1622 1369; x_wconf 83' lang='grc' dir='ltr'><strong><em>θέλειν.</em></strong></span> 
     </span>
    </p>

    <p class='ocr_par' dir='ltr' id='par_1_15' title="bbox 128 1396 1656 1555">
     <span class='ocr_line' id='line_1_18' title="bbox 128 1396 1656 1470; baseline -0.003 -14"><span class='ocrx_word' id='word_1_101' title='bbox 128 1408 251 1456; x_wconf 91' lang='lat' dir='ltr'><strong><em>ME.</em></strong></span> <span class='ocrx_word' id='word_1_102' title='bbox 309 1407 420 1456; x_wconf 80' lang='grc' dir='ltr'><strong><em>πᾶν</em></strong></span> <span class='ocrx_word' id='word_1_103' title='bbox 443 1397 568 1466; x_wconf 77' lang='grc' dir='ltr'><strong><em>τούξ</em></strong></span> <span class='ocrx_word' id='word_1_104' title='bbox 596 1397 834 1470; x_wconf 74' lang='grc' dir='ltr'><strong><em>ἀνάγκης</em></strong></span> <span class='ocrx_word' id='word_1_105' title='bbox 859 1400 1066 1455; x_wconf 81' lang='grc' dir='ltr'><strong><em>δοῦλόν</em></strong></span> <span class='ocrx_word' id='word_1_106' title='bbox 1091 1396 1199 1454; x_wconf 78' lang='grc' dir='ltr'><strong><em>ἐστ’</em></strong></span> <span class='ocrx_word' id='word_1_107' title='bbox 1229 1401 1288 1453; x_wconf 82' lang='grc' dir='ltr'><strong><em>ἐν</em></strong></span> <span class='ocrx_word' id='word_1_108' title='bbox 1312 1410 1425 1461; x_wconf 89' lang='grc' dir='ltr'><strong><em>τοῖς</em></strong></span> <span class='ocrx_word' id='word_1_109' title='bbox 1448 1410 1656 1469; x_wconf 80' lang='grc' dir='ltr'><strong><em>σοφοῖς.</em></strong></span> 
     </span>
     <span class='ocr_line' id='line_1_19' title="bbox 131 1480 1573 1555; baseline -0.003 -16"><span class='ocrx_word' id='word_1_110' title='bbox 131 1492 235 1539; x_wconf 78' lang='grc' dir='ltr'><strong><em>ΤΤ.</em></strong></span> <span class='ocrx_word' id='word_1_111' title='bbox 305 1484 536 1555; x_wconf 87' lang='grc' dir='ltr'><strong><em>κέκτησό</em></strong></span> <span class='ocrx_word' id='word_1_112' title='bbox 558 1507 666 1539; x_wconf 89' lang='grc' dir='ltr'><strong><em>νυν</em></strong></span> <span class='ocrx_word' id='word_1_113' title='bbox 691 1482 760 1538; x_wconf 79' lang='grc' dir='ltr'><strong><em>σὺ</em></strong></span> <span class='ocrx_word' id='word_1_114' title='bbox 786 1480 957 1553; x_wconf 80' lang='grc' dir='ltr'><strong><em>τοῦτ’,</em></strong></span> <span class='ocrx_word' id='word_1_115' title='bbox 985 1481 1090 1554; x_wconf 79' lang='grc' dir='ltr'><strong><em>ἐγώ</em></strong></span> <span class='ocrx_word' id='word_1_116' title='bbox 1119 1488 1149 1537; x_wconf 95' lang='grc' dir='ltr'><strong><em>δ</em></strong></span> <span class='ocrx_word' id='word_1_117' title='bbox 1159 1480 1171 1500; x_wconf 80' lang='grc'><strong><em>’</em></strong></span> <span class='ocrx_word' id='word_1_118' title='bbox 1201 1480 1268 1538; x_wconf 81' lang='grc' dir='ltr'><strong><em>οὐ</em></strong></span> <span class='ocrx_word' id='word_1_119' title='bbox 1293 1482 1573 1553; x_wconf 76' lang='grc' dir='ltr'><strong><em>κτήσομαι.</em></strong></span> 
     </span>
    </p>
   </div>
   <div class='ocr_carea' id='block_1_6' title="bbox 127 1576 252 1625">
    <p class='ocr_par' dir='ltr' id='par_1_16' title="bbox 127 1576 252 1625">
     <span class='ocr_line' id='line_1_20' title="bbox 127 1576 252 1625; baseline -0.024 0"><span class='ocrx_word' id='word_1_120' title='bbox 127 1576 252 1625; x_wconf 89' lang='grc' dir='ltr'><strong><em>ΜΕ.</em></strong></span> 
     </span>
    </p>
   </div>
   <div class='ocr_carea' id='block_1_7' title="bbox 130 1661 236 1708">
    <p class='ocr_par' dir='ltr' id='par_1_17' title="bbox 130 1661 236 1708">
     <span class='ocr_line' id='line_1_21' title="bbox 130 1661 236 1708; baseline -0.009 0"><span class='ocrx_word' id='word_1_121' title='bbox 130 1661 236 1708; x_wconf 80' lang='grc' dir='ltr'><strong><em>ΤΤ.</em></strong></span> 
     </span>
    </p>
   </div>
   <div class='ocr_carea' id='block_1_8' title="bbox 305 1564 1778 2905">
    <p class='ocr_par' dir='ltr' id='par_1_18' title="bbox 305 1564 1778 1725">
     <span class='ocr_line' id='line_1_22' title="bbox 311 1564 1778 1640; baseline -0.001 -16"><span class='ocrx_word' id='word_1_122' title='bbox 311 1567 447 1640; x_wconf 86' lang='grc' dir='ltr'><strong><em>ὀργὴ</em></strong></span> <span class='ocrx_word' id='word_1_123' title='bbox 473 1567 576 1640; x_wconf 75' lang='grc' dir='ltr'><strong><em>γὰρ</em></strong></span> <span class='ocrx_word' id='word_1_124' title='bbox 603 1565 712 1639; x_wconf 74' lang='grc' dir='ltr'><strong><em>ἅμα</em></strong></span> <span class='ocrx_word' id='word_1_125' title='bbox 736 1585 838 1622; x_wconf 91' lang='grc' dir='ltr'><strong><em>σου</em></strong></span> <span class='ocrx_word' id='word_1_126' title='bbox 864 1569 957 1623; x_wconf 84' lang='grc' dir='ltr'><strong><em>καὶ</em></strong></span> <span class='ocrx_word' id='word_1_127' title='bbox 981 1567 1040 1623; x_wconf 85' lang='grc' dir='ltr'><strong><em>τὸ</em></strong></span> <span class='ocrx_word' id='word_1_128' title='bbox 1067 1572 1237 1638; x_wconf 84' lang='grc' dir='ltr'><strong><em>γῆρας</em></strong></span> <span class='ocrx_word' id='word_1_129' title='bbox 1262 1564 1328 1622; x_wconf 77' lang='grc' dir='ltr'><strong><em>οὐ</em></strong></span> <span class='ocrx_word' id='word_1_130' title='bbox 1355 1566 1548 1636; x_wconf 91' lang='grc' dir='ltr'><strong><em>σοφόν.</em></strong></span> <span class='ocrx_word' id='word_1_131' title='bbox 1691 1578 1778 1622; x_wconf 80' lang='lat'><strong><em>490</em></strong></span> 
     </span>
     <span class='ocr_line' id='line_1_23' title="bbox 305 1647 1482 1725; baseline -0.003 -17"><span class='ocrx_word' id='word_1_132' title='bbox 305 1652 440 1725; x_wconf 87' lang='grc' dir='ltr'><strong><em>πρὸς</em></strong></span> <span class='ocrx_word' id='word_1_133' title='bbox 468 1650 619 1708; x_wconf 76' lang='grc' dir='ltr'><strong><em>τόνδ’</em></strong></span> <span class='ocrx_word' id='word_1_134' title='bbox 651 1650 802 1722; x_wconf 74' lang='grc' dir='ltr'><strong><em>ἀγών</em></strong></span> <span class='ocrx_word' id='word_1_135' title='bbox 828 1647 897 1707; x_wconf 71' lang='grc' dir='ltr'><strong><em>ἂν</em></strong></span> <span class='ocrx_word' id='word_1_136' title='bbox 921 1658 979 1708; x_wconf 82' lang='grc' dir='ltr'><strong><em>τί</em></strong></span> <span class='ocrx_word' id='word_1_137' title='bbox 997 1657 1194 1724; x_wconf 88' lang='grc' dir='ltr'><strong><em>σοφίας</em></strong></span> <span class='ocrx_word' id='word_1_138' title='bbox 1221 1659 1302 1722; x_wconf 80' lang='grc' dir='ltr'><strong><em>εἴη</em></strong></span> <span class='ocrx_word' id='word_1_139' title='bbox 1328 1653 1482 1721; x_wconf 82' lang='grc' dir='ltr'><strong><em>πέρι;</em></strong></span> 
     </span>
    </p>

    <p class='ocr_par' dir='ltr' id='par_1_19' title="bbox 313 1734 1491 1808">
     <span class='ocr_line' id='line_1_24' title="bbox 313 1734 1491 1808; baseline -0.003 -16"><span class='ocrx_word' id='word_1_140' title='bbox 313 1744 364 1793; x_wconf 83' lang='grc' dir='ltr'><strong><em>εἰ</em></strong></span> <span class='ocrx_word' id='word_1_141' title='bbox 383 1736 449 1793; x_wconf 77' lang='grc' dir='ltr'><strong><em>τὰ</em></strong></span> <span class='ocrx_word' id='word_1_142' title='bbox 473 1736 612 1792; x_wconf 75' lang='grc' dir='ltr'><strong><em>καλὰ</em></strong></span> <span class='ocrx_word' id='word_1_143' title='bbox 637 1743 768 1792; x_wconf 77' lang='grc' dir='ltr'><strong><em>πᾶσι</em></strong></span> <span class='ocrx_word' id='word_1_144' title='bbox 795 1734 1011 1808; x_wconf 79' lang='grc' dir='ltr'><strong><em>φανερὰ</em></strong></span> <span class='ocrx_word' id='word_1_145' title='bbox 1034 1737 1126 1791; x_wconf 86' lang='grc' dir='ltr'><strong><em>καὶ</em></strong></span> <span class='ocrx_word' id='word_1_146' title='bbox 1151 1734 1216 1790; x_wconf 78' lang='grc' dir='ltr'><strong><em>τα</em></strong></span> <span class='ocrx_word' id='word_1_147' title='bbox 1238 1734 1310 1806; x_wconf 83' lang='grc' dir='ltr'><strong><em>μὴ</em></strong></span> <span class='ocrx_word' id='word_1_148' title='bbox 1336 1735 1491 1805; x_wconf 87' lang='grc' dir='ltr'><strong><em>καλά,</em></strong></span> 
     </span>
    </p>

    <p class='ocr_par' dir='ltr' id='par_1_20' title="bbox 312 1817 1542 1892">
     <span class='ocr_line' id='line_1_25' title="bbox 312 1817 1542 1892; baseline -0.002 -15"><span class='ocrx_word' id='word_1_149' title='bbox 312 1821 510 1877; x_wconf 84' lang='grc' dir='ltr'><strong><em>τούτου</em></strong></span> <span class='ocrx_word' id='word_1_150' title='bbox 534 1827 615 1885; x_wconf 88' lang='grc' dir='ltr'><strong><em>τίς</em></strong></span> <span class='ocrx_word' id='word_1_151' title='bbox 641 1819 864 1891; x_wconf 74' lang='grc' dir='ltr'><strong><em>ἀνδρῶν</em></strong></span> <span class='ocrx_word' id='word_1_152' title='bbox 888 1817 1092 1892; x_wconf 77' lang='grc' dir='ltr'><strong><em>ἐγένετ’</em></strong></span> <span class='ocrx_word' id='word_1_153' title='bbox 1122 1818 1542 1891; x_wconf 78' lang='grc' dir='ltr'><strong><em>ἀσυνετώτερος,</em></strong></span> 
     </span>
    </p>

    <p class='ocr_par' dir='ltr' id='par_1_21' title="bbox 315 1902 1329 1976">
     <span class='ocr_line' id='line_1_26' title="bbox 315 1902 1329 1976; baseline -0.002 -15"><span class='ocrx_word' id='word_1_154' title='bbox 315 1903 462 1971; x_wconf 82' lang='grc' dir='ltr'><strong><em>ὅστις</em></strong></span> <span class='ocrx_word' id='word_1_155' title='bbox 485 1905 545 1961; x_wconf 87' lang='grc' dir='ltr'><strong><em>τὸ</em></strong></span> <span class='ocrx_word' id='word_1_156' title='bbox 571 1905 671 1976; x_wconf 76' lang='grc' dir='ltr'><strong><em>μὲν</em></strong></span> <span class='ocrx_word' id='word_1_157' title='bbox 694 1909 911 1960; x_wconf 90' lang='grc' dir='ltr'><strong><em>δίκαιον</em></strong></span> <span class='ocrx_word' id='word_1_158' title='bbox 935 1902 1040 1960; x_wconf 77' lang='grc' dir='ltr'><strong><em>οὐκ</em></strong></span> <span class='ocrx_word' id='word_1_159' title='bbox 1065 1907 1329 1970; x_wconf 79' lang='grc' dir='ltr'><strong><em>ἐσκέψατο</em></strong></span> 
     </span>
    </p>

    <p class='ocr_par' dir='ltr' id='par_1_22' title="bbox 313 1982 1777 2147">
     <span class='ocr_line' id='line_1_27' title="bbox 313 1982 1777 2061; baseline -0.002 -15"><span class='ocrx_word' id='word_1_160' title='bbox 313 1987 436 2046; x_wconf 80' lang='grc' dir='ltr'><strong><em>οὐδ’</em></strong></span> <span class='ocrx_word' id='word_1_161' title='bbox 464 1982 640 2061; x_wconf 80' lang='grc' dir='ltr'><strong><em>ἦλθεν</em></strong></span> <span class='ocrx_word' id='word_1_162' title='bbox 663 1992 751 2045; x_wconf 83' lang='grc' dir='ltr'><strong><em>ἐπὶ</em></strong></span> <span class='ocrx_word' id='word_1_163' title='bbox 775 1988 871 2045; x_wconf 87' lang='grc' dir='ltr'><strong><em>τὸν</em></strong></span> <span class='ocrx_word' id='word_1_164' title='bbox 897 1987 1088 2044; x_wconf 87' lang='grc' dir='ltr'><strong><em>κοινὸν</em></strong></span> <span class='ocrx_word' id='word_1_165' title='bbox 1104 1987 1377 2059; x_wconf 84' lang='grc' dir='ltr'><strong><em>Ἑλλήνων</em></strong></span> <span class='ocrx_word' id='word_1_166' title='bbox 1399 1987 1601 2059; x_wconf 89' lang='grc' dir='ltr'><strong><em>νόμον;</em></strong></span> <span class='ocrx_word' id='word_1_167' title='bbox 1693 2000 1777 2044; x_wconf 76' lang='lat'><strong><em>495</em></strong></span> 
     </span>
     <span class='ocr_line' id='line_1_28' title="bbox 313 2071 1440 2147; baseline -0.002 -17"><span class='ocrx_word' id='word_1_168' title='bbox 313 2076 431 2130; x_wconf 82' lang='grc' dir='ltr'><strong><em>ἐπεὶ</em></strong></span> <span class='ocrx_word' id='word_1_169' title='bbox 455 2073 558 2147; x_wconf 77' lang='grc' dir='ltr'><strong><em>γὰρ</em></strong></span> <span class='ocrx_word' id='word_1_170' title='bbox 585 2077 908 2141; x_wconf 80' lang='grc' dir='ltr'><strong><em>ἐξέπνευσεν</em></strong></span> <span class='ocrx_word' id='word_1_171' title='bbox 937 2071 1290 2144; x_wconf 79' lang='grc' dir='ltr'><strong><em>Ἀγαμέμνων</em></strong></span> <span class='ocrx_word' id='word_1_172' title='bbox 1313 2079 1440 2145; x_wconf 88' lang='grc' dir='ltr'><strong><em>βίον</em></strong></span> 
     </span>
    </p>

    <p class='ocr_par' dir='ltr' id='par_1_23' title="bbox 312 2157 1473 2230">
     <span class='ocr_line' id='line_1_29' title="bbox 312 2157 1473 2230; baseline -0.001 -16"><span class='ocrx_word' id='word_1_173' title='bbox 312 2161 536 2230; x_wconf 83' lang='grc' dir='ltr'><strong><em>πληγεὶς</em></strong></span> <span class='ocrx_word' id='word_1_174' title='bbox 559 2157 840 2230; x_wconf 80' lang='grc' dir='ltr'><strong><em>θυγατρὸς</em></strong></span> <span class='ocrx_word' id='word_1_175' title='bbox 863 2164 956 2229; x_wconf 89' lang='grc' dir='ltr'><strong><em>τῆς</em></strong></span> <span class='ocrx_word' id='word_1_176' title='bbox 982 2162 1110 2229; x_wconf 82' lang='grc' dir='ltr'><strong><em>ἐμῆς</em></strong></span> <span class='ocrx_word' id='word_1_177' title='bbox 1136 2159 1276 2226; x_wconf 75' lang='grc' dir='ltr'><strong><em>ὑπὲρ</em></strong></span> <span class='ocrx_word' id='word_1_178' title='bbox 1303 2161 1473 2229; x_wconf 88' lang='grc' dir='ltr'><strong><em>κάρα,</em></strong></span> 
     </span>
    </p>

    <p class='ocr_par' dir='ltr' id='par_1_24' title="bbox 313 2240 1427 2315">
     <span class='ocr_line' id='line_1_30' title="bbox 313 2240 1427 2315; baseline -0.001 -17"><span class='ocrx_word' id='word_1_179' title='bbox 313 2252 590 2314; x_wconf 81' lang='grc' dir='ltr'><strong><em>αἴσχιστον</em></strong></span> <span class='ocrx_word' id='word_1_180' title='bbox 615 2249 806 2315; x_wconf 83' lang='grc' dir='ltr'><strong><em>ἔργον,</em></strong></span> <span class='ocrx_word' id='word_1_181' title='bbox 834 2240 901 2297; x_wconf 81' lang='grc' dir='ltr'><strong><em>οὐ</em></strong></span> <span class='ocrx_word' id='word_1_182' title='bbox 928 2241 1030 2315; x_wconf 79' lang='grc' dir='ltr'><strong><em>γὰρ</em></strong></span> <span class='ocrx_word' id='word_1_183' title='bbox 1057 2245 1255 2297; x_wconf 83' lang='grc' dir='ltr'><strong><em>αἰνέσω</em></strong></span> <span class='ocrx_word' id='word_1_184' title='bbox 1281 2244 1427 2311; x_wconf 88' lang='grc' dir='ltr'><strong><em>ποτέ,</em></strong></span> 
     </span>
    </p>

    <p class='ocr_par' dir='ltr' id='par_1_25' title="bbox 312 2324 1777 2483">
     <span class='ocr_line' id='line_1_31' title="bbox 312 2324 1777 2399; baseline -0.003 -16"><span class='ocrx_word' id='word_1_185' title='bbox 312 2334 450 2399; x_wconf 86' lang='grc' dir='ltr'><strong><em>χρῆν</em></strong></span> <span class='ocrx_word' id='word_1_186' title='bbox 475 2324 646 2383; x_wconf 80' lang='grc' dir='ltr'><strong><em>αὐτὸν</em></strong></span> <span class='ocrx_word' id='word_1_187' title='bbox 672 2331 948 2383; x_wconf 79' lang='grc' dir='ltr'><strong><em>ἐπιθεῖναι</em></strong></span> <span class='ocrx_word' id='word_1_188' title='bbox 972 2327 1072 2398; x_wconf 70' lang='grc' dir='ltr'><strong><em>μὲν</em></strong></span> <span class='ocrx_word' id='word_1_189' title='bbox 1099 2331 1320 2396; x_wconf 81' lang='grc' dir='ltr'><strong><em>αἵματος</em></strong></span> <span class='ocrx_word' id='word_1_190' title='bbox 1348 2330 1511 2396; x_wconf 86' lang='grc' dir='ltr'><strong><em>δίκην</em></strong></span> <span class='ocrx_word' id='word_1_191' title='bbox 1693 2340 1777 2380; x_wconf 83' lang='grc'><strong><em>500</em></strong></span> 
     </span>
     <span class='ocr_line' id='line_1_32' title="bbox 315 2409 1417 2483; baseline -0.002 -17"><span class='ocrx_word' id='word_1_192' title='bbox 315 2409 476 2467; x_wconf 86' lang='grc' dir='ltr'><strong><em>ὁσίαν</em></strong></span> <span class='ocrx_word' id='word_1_193' title='bbox 501 2410 756 2468; x_wconf 78' lang='grc' dir='ltr'><strong><em>διώκοντ’</em></strong></span> <span class='ocrx_word' id='word_1_194' title='bbox 787 2415 1041 2483; x_wconf 79' lang='grc' dir='ltr'><strong><em>ἐκβαλεῖν</em></strong></span> <span class='ocrx_word' id='word_1_195' title='bbox 1065 2434 1122 2466; x_wconf 89' lang='grc' dir='ltr'><strong><em>τε</em></strong></span> <span class='ocrx_word' id='word_1_196' title='bbox 1148 2410 1417 2480; x_wconf 89' lang='grc' dir='ltr'><strong><em>δωμάτων</em></strong></span> 
     </span>
    </p>

    <p class='ocr_par' dir='ltr' id='par_1_26' title="bbox 311 2492 1676 2651">
     <span class='ocr_line' id='line_1_33' title="bbox 311 2492 1676 2568; baseline -0.001 -18"><span class='ocrx_word' id='word_1_197' title='bbox 311 2498 539 2566; x_wconf 86' lang='grc' dir='ltr'><strong><em>μητέρα·</em></strong></span> <span class='ocrx_word' id='word_1_198' title='bbox 569 2495 628 2553; x_wconf 89' lang='grc' dir='ltr'><strong><em>τὸ</em></strong></span> <span class='ocrx_word' id='word_1_199' title='bbox 654 2496 884 2568; x_wconf 78' lang='grc' dir='ltr'><strong><em>σῶφρόν</em></strong></span> <span class='ocrx_word' id='word_1_200' title='bbox 908 2492 956 2550; x_wconf 83' lang='grc' dir='ltr'><strong><em>τ’</em></strong></span> <span class='ocrx_word' id='word_1_201' title='bbox 990 2501 1187 2565; x_wconf 78' lang='grc' dir='ltr'><strong><em>ἔλαβεν</em></strong></span> <span class='ocrx_word' id='word_1_202' title='bbox 1214 2496 1333 2547; x_wconf 82' lang='grc' dir='ltr'><strong><em>άντὶ</em></strong></span> <span class='ocrx_word' id='word_1_203' title='bbox 1360 2500 1676 2563; x_wconf 80' lang='grc' dir='ltr'><strong><em>συμφορᾶς,</em></strong></span> 
     </span>
     <span class='ocr_line' id='line_1_34' title="bbox 317 2570 1637 2651; baseline -0.002 -17"><span class='ocrx_word' id='word_1_204' title='bbox 317 2581 409 2635; x_wconf 81' lang='grc' dir='ltr'><strong><em>καὶ</em></strong></span> <span class='ocrx_word' id='word_1_205' title='bbox 431 2586 529 2636; x_wconf 87' lang='grc' dir='ltr'><strong><em>τοῦ</em></strong></span> <span class='ocrx_word' id='word_1_206' title='bbox 553 2582 728 2651; x_wconf 85' lang='grc' dir='ltr'><strong><em>νόμον</em></strong></span> <span class='ocrx_word' id='word_1_207' title='bbox 753 2578 802 2635; x_wconf 81' lang='grc' dir='ltr'><strong><em>τ’</em></strong></span> <span class='ocrx_word' id='word_1_208' title='bbox 834 2576 904 2635; x_wconf 75' lang='grc' dir='ltr'><strong><em>ἂν</em></strong></span> <span class='ocrx_word' id='word_1_209' title='bbox 929 2576 1090 2650; x_wconf 81' lang='grc' dir='ltr'><strong><em>εἴχετ’</em></strong></span> <span class='ocrx_word' id='word_1_210' title='bbox 1122 2576 1352 2649; x_wconf 80' lang='grc' dir='ltr'><strong><em>εὐσεβής</em></strong></span> <span class='ocrx_word' id='word_1_211' title='bbox 1377 2574 1427 2632; x_wconf 87' lang='grc' dir='ltr'><strong><em>τ’</em></strong></span> <span class='ocrx_word' id='word_1_212' title='bbox 1457 2573 1527 2633; x_wconf 73' lang='grc' dir='ltr'><strong><em>ἂν</em></strong></span> <span class='ocrx_word' id='word_1_213' title='bbox 1552 2570 1637 2648; x_wconf 80' lang='grc' dir='ltr'><strong><em>ἦν.</em></strong></span> 
     </span>
    </p>

    <p class='ocr_par' dir='ltr' id='par_1_27' title="bbox 313 2655 1562 2734">
     <span class='ocr_line' id='line_1_35' title="bbox 313 2655 1562 2734; baseline -0.004 -14"><span class='ocrx_word' id='word_1_214' title='bbox 313 2669 422 2720; x_wconf 83' lang='grc' dir='ltr'><strong><em>νῦν</em></strong></span> <span class='ocrx_word' id='word_1_215' title='bbox 447 2660 499 2719; x_wconf 84' lang='grc' dir='ltr'><strong><em>δ’</em></strong></span> <span class='ocrx_word' id='word_1_216' title='bbox 528 2670 604 2730; x_wconf 79' lang='grc' dir='ltr'><strong><em>εἰς</em></strong></span> <span class='ocrx_word' id='word_1_217' title='bbox 628 2663 725 2720; x_wconf 84' lang='grc' dir='ltr'><strong><em>τὸν</em></strong></span> <span class='ocrx_word' id='word_1_218' title='bbox 749 2661 922 2719; x_wconf 80' lang='grc' dir='ltr'><strong><em>αὐτὸν</em></strong></span> <span class='ocrx_word' id='word_1_219' title='bbox 945 2660 1161 2734; x_wconf 85' lang='grc' dir='ltr'><strong><em>δαίμον’</em></strong></span> <span class='ocrx_word' id='word_1_220' title='bbox 1190 2655 1331 2734; x_wconf 79' lang='grc' dir='ltr'><strong><em>ἦλθε</em></strong></span> <span class='ocrx_word' id='word_1_221' title='bbox 1355 2664 1562 2734; x_wconf 87' lang='grc' dir='ltr'><strong><em>μητέρι.</em></strong></span> 
     </span>
    </p>

    <p class='ocr_par' dir='ltr' id='par_1_28' title="bbox 312 2745 1776 2905">
     <span class='ocr_line' id='line_1_36' title="bbox 312 2745 1776 2820; baseline -0.001 -18"><span class='ocrx_word' id='word_1_222' title='bbox 312 2745 488 2818; x_wconf 82' lang='grc' dir='ltr'><strong><em>κακὴν</em></strong></span> <span class='ocrx_word' id='word_1_223' title='bbox 511 2746 614 2820; x_wconf 75' lang='grc' dir='ltr'><strong><em>γάρ</em></strong></span> <span class='ocrx_word' id='word_1_224' title='bbox 640 2746 815 2820; x_wconf 80' lang='grc' dir='ltr'><strong><em>αὐτὴν</em></strong></span> <span class='ocrx_word' id='word_1_225' title='bbox 840 2751 1069 2812; x_wconf 80' lang='grc' dir='ltr'><strong><em>ἐνδίκως</em></strong></span> <span class='ocrx_word' id='word_1_226' title='bbox 1092 2745 1415 2820; x_wconf 82' lang='grc' dir='ltr'><strong><em>ἡγούμενος,</em></strong></span> <span class='ocrx_word' id='word_1_227' title='bbox 1690 2760 1776 2802; x_wconf 72' lang='lat'><strong><em>505</em></strong></span> 
     </span>
     <span class='ocr_line' id='line_1_37' title="bbox 312 2829 1410 2905; baseline -0.003 -17"><span class='ocrx_word' id='word_1_228' title='bbox 312 2829 477 2898; x_wconf 80' lang='grc' dir='ltr'><strong><em>αὐτὸς</em></strong></span> <span class='ocrx_word' id='word_1_229' title='bbox 500 2839 710 2888; x_wconf 88' lang='grc' dir='ltr'><strong><em>κακίων</em></strong></span> <span class='ocrx_word' id='word_1_230' title='bbox 732 2835 924 2904; x_wconf 87' lang='grc' dir='ltr'><strong><em>γέγονε</em></strong></span> <span class='ocrx_word' id='word_1_231' title='bbox 948 2833 1152 2905; x_wconf 87' lang='grc' dir='ltr'><strong><em>μητέρα</em></strong></span> <span class='ocrx_word' id='word_1_232' title='bbox 1178 2829 1410 2887; x_wconf 86' lang='grc' dir='ltr'><strong><em>κτανών.</em></strong></span> 
     </span>
    </p>
   </div>
  </div>
 </body>
</html>
