<?xml version="1.0" encoding="UTF-8"?>
<!DOCTYPE html PUBLIC "-//W3C//DTD XHTML 1.0 Transitional//EN"
    "http://www.w3.org/TR/xhtml1/DTD/xhtml1-transitional.dtd">
<html xmlns="http://www.w3.org/1999/xhtml" xml:lang="en" lang="en">
 <head>
  <title>
</title>
<meta http-equiv="Content-Type" content="text/html;charset=utf-8" />
  <meta name='ocr-system' content='tesseract 3.04.00' />
  <meta name='ocr-capabilities' content='ocr_page ocr_carea ocr_par ocr_line ocrx_word'/>
</head>
<body>
  <div class='ocr_page' id='page_1' title='image "./euripidistragoe02euriuoft_0206.png"; bbox 0 0 2018 3117; ppageno 0'>
   <div class='ocr_carea' id='block_1_1' title="bbox 224 99 1129 149">
    <p class='ocr_par' dir='ltr' id='par_1_1' title="bbox 224 99 1129 149">
     <span class='ocr_line' id='line_1_1' title="bbox 224 99 1129 149; baseline -0.004 0"><span class='ocrx_word' id='word_1_1' title='bbox 224 99 320 149; x_wconf 86' lang='lat'><em>156</em></span> <span class='ocrx_word' id='word_1_2' title='bbox 991 99 1129 146; x_wconf 78' lang='grc' dir='ltr'><em>ΙΩΝ</em></span> 
     </span>
    </p>
   </div>
   <div class='ocr_carea' id='block_1_2' title="bbox 218 237 1890 2949">
    <p class='ocr_par' dir='ltr' id='par_1_2' title="bbox 218 237 1890 2949">
     <span class='ocr_line' id='line_1_2' title="bbox 220 237 1888 311; baseline 0.001 -16"><span class='ocrx_word' id='word_1_3' title='bbox 220 246 382 296; x_wconf 72' lang='grc' dir='ltr'><em>ΙῼΝ.</em></span> <span class='ocrx_word' id='word_1_4' title='bbox 408 237 563 311; x_wconf 64' lang='grc' dir='ltr'><em>’ἡμεῖς</em></span> <span class='ocrx_word' id='word_1_5' title='bbox 588 239 648 294; x_wconf 75' lang='grc' dir='ltr'><em>δὲ</em></span> <span class='ocrx_word' id='word_1_6' title='bbox 676 251 965 311; x_wconf 75' lang='grc' dir='ltr'><em>μητρυιαῖς</em></span> <span class='ocrx_word' id='word_1_7' title='bbox 990 261 1051 309; x_wconf 88' lang='grc' dir='ltr'><em>γε</em></span> <span class='ocrx_word' id='word_1_8' title='bbox 1077 237 1377 308; x_wconf 82' lang='grc' dir='ltr'><em>πάσχοντες</em></span> <span class='ocrx_word' id='word_1_9' title='bbox 1400 243 1598 304; x_wconf 87' lang='grc' dir='ltr'><em>κακῶς.</em></span> <span class='ocrx_word' id='word_1_10' title='bbox 1779 254 1888 298; x_wconf 74' lang='lat'><strong>1330</strong></span> 
     </span>
     <span class='ocr_line' id='line_1_3' title="bbox 224 321 1695 397; baseline -0.003 -15"><span class='ocrx_word' id='word_1_11' title='bbox 224 333 339 382; x_wconf 96' lang='lat' dir='ltr'><em>HT.</em></span> <span class='ocrx_word' id='word_1_12' title='bbox 408 324 480 396; x_wconf 86' lang='grc' dir='ltr'><em>μὴ</em></span> <span class='ocrx_word' id='word_1_13' title='bbox 505 330 676 379; x_wconf 89' lang='grc' dir='ltr'><em>ταῦτα</em></span> <span class='ocrx_word' id='word_1_14' title='bbox 692 343 702 352; x_wconf 92' lang='grc'><em>·</em></span> <span class='ocrx_word' id='word_1_15' title='bbox 731 329 939 378; x_wconf 77' lang='grc' dir='ltr'><em>λείπων</em></span> <span class='ocrx_word' id='word_1_16' title='bbox 966 321 1086 396; x_wconf 77' lang='grc' dir='ltr'><em>ἱερὰ</em></span> <span class='ocrx_word' id='word_1_17' title='bbox 1110 325 1203 378; x_wconf 80' lang='grc' dir='ltr'><em>καὶ</em></span> <span class='ocrx_word' id='word_1_18' title='bbox 1225 330 1458 394; x_wconf 83' lang='grc' dir='ltr'><em>στείχων</em></span> <span class='ocrx_word' id='word_1_19' title='bbox 1482 323 1695 397; x_wconf 82' lang='grc' dir='ltr'><em>πάτραν</em></span> 
     </span>
     <span class='ocr_line' id='line_1_4' title="bbox 219 408 1584 480; baseline -0.001 -14"><span class='ocrx_word' id='word_1_20' title='bbox 219 416 380 466; x_wconf 72' lang='grc' dir='ltr'><em>ΙΩΝ.</em></span> <span class='ocrx_word' id='word_1_21' title='bbox 407 415 465 465; x_wconf 90' lang='grc' dir='ltr'><em>τί</em></span> <span class='ocrx_word' id='word_1_22' title='bbox 488 409 554 479; x_wconf 91' lang='grc' dir='ltr'><em>δή</em></span> <span class='ocrx_word' id='word_1_23' title='bbox 588 431 653 480; x_wconf 92' lang='grc' dir='ltr'><em>με</em></span> <span class='ocrx_word' id='word_1_24' title='bbox 679 413 878 479; x_wconf 79' lang='grc' dir='ltr'><em>δρᾶσαι</em></span> <span class='ocrx_word' id='word_1_25' title='bbox 901 408 1353 479; x_wconf 78' lang='grc' dir='ltr'><em>νουθετούμενον</em></span> <span class='ocrx_word' id='word_1_26' title='bbox 1376 408 1584 480; x_wconf 80' lang='grc' dir='ltr'><em>χρεών;</em></span> 
     </span>
     <span class='ocr_line' id='line_1_5' title="bbox 219 490 1672 565; baseline 0 -16"><span class='ocrx_word' id='word_1_27' title='bbox 219 503 339 550; x_wconf 84' lang='lat' dir='ltr'><em>HT.</em></span> <span class='ocrx_word' id='word_1_28' title='bbox 410 492 661 565; x_wconf 83' lang='grc' dir='ltr'><em>καθαρὸς</em></span> <span class='ocrx_word' id='word_1_29' title='bbox 681 490 919 564; x_wconf 85' lang='grc' dir='ltr'><em>Ἀθήνας</em></span> <span class='ocrx_word' id='word_1_30' title='bbox 945 490 1067 549; x_wconf 80' lang='grc' dir='ltr'><em>ἔλθ’</em></span> <span class='ocrx_word' id='word_1_31' title='bbox 1098 490 1196 548; x_wconf 81' lang='grc' dir='ltr'><em>ὑπ’</em></span> <span class='ocrx_word' id='word_1_32' title='bbox 1227 499 1445 548; x_wconf 83' lang='grc' dir='ltr'><em>οἰωνῶν</em></span> <span class='ocrx_word' id='word_1_33' title='bbox 1469 500 1672 549; x_wconf 88' lang='grc' dir='ltr'><em>καλῶν.</em></span> 
     </span>
     <span class='ocr_line' id='line_1_6' title="bbox 221 574 1887 651; baseline -0.001 -15"><span class='ocrx_word' id='word_1_34' title='bbox 221 586 381 636; x_wconf 71' lang='grc' dir='ltr'><em>ΙῼΝ.</em></span> <span class='ocrx_word' id='word_1_35' title='bbox 408 577 656 649; x_wconf 86' lang='grc' dir='ltr'><em>καθαρὸς</em></span> <span class='ocrx_word' id='word_1_36' title='bbox 682 576 821 643; x_wconf 76' lang='grc' dir='ltr'><em>ἅπας</em></span> <span class='ocrx_word' id='word_1_37' title='bbox 846 602 929 634; x_wconf 90' lang='grc' dir='ltr'><em>τοι</em></span> <span class='ocrx_word' id='word_1_38' title='bbox 954 584 1251 649; x_wconf 88' lang='grc' dir='ltr'><em>πολεμιόυς</em></span> <span class='ocrx_word' id='word_1_39' title='bbox 1276 575 1334 643; x_wconf 77' lang='grc' dir='ltr'><em>ὃς</em></span> <span class='ocrx_word' id='word_1_40' title='bbox 1359 574 1427 633; x_wconf 69' lang='grc' dir='ltr'><em>ἂν</em></span> <span class='ocrx_word' id='word_1_41' title='bbox 1453 579 1641 651; x_wconf 80' lang='grc' dir='ltr'><em>κτάνῃ.</em></span> <span class='ocrx_word' id='word_1_42' title='bbox 1781 592 1887 635; x_wconf 71' lang='lat'><em>1334</em></span> 
     </span>
     <span class='ocr_line' id='line_1_7' title="bbox 219 660 1840 736; baseline -0.001 -17"><span class='ocrx_word' id='word_1_43' title='bbox 219 672 338 720; x_wconf 90' lang='lat' dir='ltr'><em>HT.</em></span> <span class='ocrx_word' id='word_1_44' title='bbox 407 664 479 736; x_wconf 84' lang='grc' dir='ltr'><em>μὴ</em></span> <span class='ocrx_word' id='word_1_45' title='bbox 506 664 576 719; x_wconf 83' lang='grc' dir='ltr'><em>σύ</em></span> <span class='ocrx_word' id='word_1_46' title='bbox 601 683 689 734; x_wconf 89' lang='grc' dir='ltr'><em>γε·</em></span> <span class='ocrx_word' id='word_1_47' title='bbox 717 661 848 733; x_wconf 82' lang='grc' dir='ltr'><em>παρ’</em></span> <span class='ocrx_word' id='word_1_48' title='bbox 878 661 1036 735; x_wconf 81' lang='grc' dir='ltr'><em>ἡμῶν</em></span> <span class='ocrx_word' id='word_1_49' title='bbox 1062 661 1113 719; x_wconf 82' lang='grc' dir='ltr'><em>δ’</em></span> <span class='ocrx_word' id='word_1_50' title='bbox 1145 661 1333 734; x_wconf 78' lang='grc' dir='ltr'><em>ἔκλαβ’</em></span> <span class='ocrx_word' id='word_1_51' title='bbox 1364 660 1461 728; x_wconf 72' lang='grc' dir='ltr'><em>οὓς</em></span> <span class='ocrx_word' id='word_1_52' title='bbox 1498 670 1600 734; x_wconf 82' lang='grc' dir='ltr'><em>ἔχω</em></span> <span class='ocrx_word' id='word_1_53' title='bbox 1626 663 1840 734; x_wconf 87' lang='grc' dir='ltr'><em>λόγους.</em></span> 
     </span>
     <span class='ocr_line' id='line_1_8' title="bbox 219 742 1757 821; baseline -0.003 -14"><span class='ocrx_word' id='word_1_54' title='bbox 219 755 380 807; x_wconf 69' lang='grc' dir='ltr'><em>ΙΩΝ.</em></span> <span class='ocrx_word' id='word_1_55' title='bbox 407 752 587 821; x_wconf 88' lang='grc' dir='ltr'><em>λέγοις</em></span> <span class='ocrx_word' id='word_1_56' title='bbox 613 746 706 804; x_wconf 73' lang='grc' dir='ltr'><em>ἄν·</em></span> <span class='ocrx_word' id='word_1_57' title='bbox 738 747 937 814; x_wconf 75' lang='grc' dir='ltr'><em>εὔνους</em></span> <span class='ocrx_word' id='word_1_58' title='bbox 964 746 1017 804; x_wconf 81' lang='grc' dir='ltr'><em>δ’</em></span> <span class='ocrx_word' id='word_1_59' title='bbox 1049 742 1173 804; x_wconf 75' lang='grc' dir='ltr'><em>οὗσ’</em></span> <span class='ocrx_word' id='word_1_60' title='bbox 1203 752 1343 816; x_wconf 77' lang='grc' dir='ltr'><em>ἐρεῖς</em></span> <span class='ocrx_word' id='word_1_61' title='bbox 1371 745 1457 803; x_wconf 76' lang='grc' dir='ltr'><em>ὄσ’</em></span> <span class='ocrx_word' id='word_1_62' title='bbox 1487 744 1556 804; x_wconf 69' lang='grc' dir='ltr'><em>ἂν</em></span> <span class='ocrx_word' id='word_1_63' title='bbox 1579 751 1757 820; x_wconf 85' lang='grc' dir='ltr'><em>λέγῃς.</em></span> 
     </span>
     <span class='ocr_line' id='line_1_9' title="bbox 222 831 1682 908; baseline -0.002 -16"><span class='ocrx_word' id='word_1_64' title='bbox 222 842 338 892; x_wconf 94' lang='lat' dir='ltr'><em>HT.</em></span> <span class='ocrx_word' id='word_1_65' title='bbox 411 832 542 908; x_wconf 78' lang='grc' dir='ltr'><em>ὁρᾷς</em></span> <span class='ocrx_word' id='word_1_66' title='bbox 568 831 681 889; x_wconf 89' lang='grc' dir='ltr'><em>τόδ’</em></span> <span class='ocrx_word' id='word_1_67' title='bbox 711 832 878 905; x_wconf 71' lang='grc' dir='ltr'><em>ἄγγος</em></span> <span class='ocrx_word' id='word_1_68' title='bbox 901 833 1059 905; x_wconf 79' lang='grc' dir='ltr'><em>χερὸς</em></span> <span class='ocrx_word' id='word_1_69' title='bbox 1085 831 1181 889; x_wconf 80' lang='grc' dir='ltr'><em>ὑπ’</em></span> <span class='ocrx_word' id='word_1_70' title='bbox 1215 831 1478 904; x_wconf 73' lang='grc' dir='ltr'><em>ἀγκάλαις</em></span> <span class='ocrx_word' id='word_1_71' title='bbox 1503 837 1682 905; x_wconf 78' lang='grc' dir='ltr'><em>ε’μαῖς;</em></span> 
     </span>
     <span class='ocr_line' id='line_1_10' title="bbox 223 916 1503 993; baseline -0.002 -17"><span class='ocrx_word' id='word_1_72' title='bbox 223 926 382 976; x_wconf 76' lang='grc' dir='ltr'><em>ΙῼΝ.</em></span> <span class='ocrx_word' id='word_1_73' title='bbox 410 917 522 992; x_wconf 82' lang='grc' dir='ltr'><em>ὁρῶ</em></span> <span class='ocrx_word' id='word_1_74' title='bbox 549 918 790 975; x_wconf 79' lang='grc' dir='ltr'><em>παλαιὰν</em></span> <span class='ocrx_word' id='word_1_75' title='bbox 816 916 1071 993; x_wconf 73' lang='grc' dir='ltr'><em>ἀντίπηγ’</em></span> <span class='ocrx_word' id='word_1_76' title='bbox 1103 923 1162 975; x_wconf 90' lang='grc' dir='ltr'><em>ἐν</em></span> <span class='ocrx_word' id='word_1_77' title='bbox 1186 921 1503 990; x_wconf 80' lang='grc' dir='ltr'><em>στέμμασιν.</em></span> 
     </span>
     <span class='ocr_line' id='line_1_11' title="bbox 227 1001 1633 1078; baseline -0.002 -17"><span class='ocrx_word' id='word_1_78' title='bbox 227 1013 338 1061; x_wconf 90' lang='lat' dir='ltr'><em>HT.</em></span> <span class='ocrx_word' id='word_1_79' title='bbox 409 1008 469 1061; x_wconf 89' lang='grc' dir='ltr'><em>ἐν</em></span> <span class='ocrx_word' id='word_1_80' title='bbox 497 1007 631 1078; x_wconf 82' lang='grc' dir='ltr'><em>τῇδέ</em></span> <span class='ocrx_word' id='word_1_81' title='bbox 653 1001 705 1060; x_wconf 86' lang='grc' dir='ltr'><em>σ’</em></span> <span class='ocrx_word' id='word_1_82' title='bbox 737 1010 938 1076; x_wconf 82' lang='grc' dir='ltr'><em>ἔλαβον</em></span> <span class='ocrx_word' id='word_1_83' title='bbox 961 1005 1229 1075; x_wconf 88' lang='grc' dir='ltr'><em>νεόγονον</em></span> <span class='ocrx_word' id='word_1_84' title='bbox 1256 1006 1463 1077; x_wconf 81' lang='grc' dir='ltr'><em>βρέφος</em></span> <span class='ocrx_word' id='word_1_85' title='bbox 1489 1005 1633 1060; x_wconf 86' lang='grc' dir='ltr'><em>ποτέ.</em></span> 
     </span>
     <span class='ocr_line' id='line_1_12' title="bbox 228 1087 1888 1162; baseline -0.001 -18"><span class='ocrx_word' id='word_1_86' title='bbox 228 1096 384 1151; x_wconf 72' lang='grc' dir='ltr'><em>ΙῼΝ.</em></span> <span class='ocrx_word' id='word_1_87' title='bbox 412 1096 470 1146; x_wconf 89' lang='grc' dir='ltr'><em>τί</em></span> <span class='ocrx_word' id='word_1_88' title='bbox 492 1089 627 1162; x_wconf 84' lang='grc' dir='ltr'><em>φής;</em></span> <span class='ocrx_word' id='word_1_89' title='bbox 654 1087 682 1146; x_wconf 85' lang='grc' dir='ltr'>ὁ</span> <span class='ocrx_word' id='word_1_90' title='bbox 708 1096 890 1161; x_wconf 84' lang='grc' dir='ltr'><em>μῦθος</em></span> <span class='ocrx_word' id='word_1_91' title='bbox 917 1090 1290 1160; x_wconf 82' lang='grc' dir='ltr'><em>εἰσενήνεκται</em></span> <span class='ocrx_word' id='word_1_92' title='bbox 1314 1092 1453 1154; x_wconf 89' lang='grc' dir='ltr'><em>νεός.</em></span> <span class='ocrx_word' id='word_1_93' title='bbox 1779 1100 1888 1144; x_wconf 78' lang='lat'><strong>1340</strong></span> 
     </span>
     <span class='ocr_line' id='line_1_13' title="bbox 225 1172 1591 1247; baseline -0.001 -17"><span class='ocrx_word' id='word_1_94' title='bbox 225 1182 338 1230; x_wconf 88' lang='lat' dir='ltr'><em>HT.</em></span> <span class='ocrx_word' id='word_1_95' title='bbox 407 1181 536 1247; x_wconf 81' lang='grc' dir='ltr'><em>σιγῇ</em></span> <span class='ocrx_word' id='word_1_96' title='bbox 561 1174 665 1246; x_wconf 79' lang='grc' dir='ltr'><em>γὰρ</em></span> <span class='ocrx_word' id='word_1_97' title='bbox 694 1174 839 1245; x_wconf 81' lang='grc' dir='ltr'><em>εἶχον</em></span> <span class='ocrx_word' id='word_1_98' title='bbox 865 1172 1030 1230; x_wconf 78' lang='grc' dir='ltr'><em>αὐτά·</em></span> <span class='ocrx_word' id='word_1_99' title='bbox 1057 1181 1165 1230; x_wconf 84' lang='grc' dir='ltr'><em>νῦν</em></span> <span class='ocrx_word' id='word_1_100' title='bbox 1189 1175 1250 1229; x_wconf 73' lang='grc' dir='ltr'><em>δὲ</em></span> <span class='ocrx_word' id='word_1_101' title='bbox 1275 1180 1591 1245; x_wconf 89' lang='grc' dir='ltr'><em>δείκνυμεν.</em></span> 
     </span>
     <span class='ocr_line' id='line_1_14' title="bbox 222 1252 1742 1331; baseline -0.001 -16"><span class='ocrx_word' id='word_1_102' title='bbox 222 1267 382 1316; x_wconf 77' lang='grc' dir='ltr'><em>ΙΩΝ.</em></span> <span class='ocrx_word' id='word_1_103' title='bbox 409 1267 525 1324; x_wconf 87' lang='grc' dir='ltr'><em>πῶς</em></span> <span class='ocrx_word' id='word_1_104' title='bbox 553 1252 656 1315; x_wconf 76' lang='grc' dir='ltr'><em>οὖν</em></span> <span class='ocrx_word' id='word_1_105' title='bbox 683 1266 949 1331; x_wconf 80' lang='grc' dir='ltr'><em>ἔκρυπτες</em></span> <span class='ocrx_word' id='word_1_106' title='bbox 973 1262 1098 1315; x_wconf 85' lang='grc' dir='ltr'><em>τόδε</em></span> <span class='ocrx_word' id='word_1_107' title='bbox 1118 1257 1347 1330; x_wconf 79' lang='grc' dir='ltr'><em>λαβοῦσ’</em></span> <span class='ocrx_word' id='word_1_108' title='bbox 1378 1256 1517 1331; x_wconf 81' lang='grc' dir='ltr'><em>ἡμᾶς</em></span> <span class='ocrx_word' id='word_1_109' title='bbox 1543 1258 1742 1325; x_wconf 83' lang='grc' dir='ltr'><em>πάλαι;</em></span> 
     </span>
     <span class='ocr_line' id='line_1_15' title="bbox 219 1341 1674 1416; baseline -0.002 -15"><span class='ocrx_word' id='word_1_110' title='bbox 219 1352 338 1401; x_wconf 88' lang='lat' dir='ltr'><em>HT.</em></span> <span class='ocrx_word' id='word_1_111' title='bbox 413 1342 439 1400; x_wconf 87' lang='grc' dir='ltr'>ὁ</span> <span class='ocrx_word' id='word_1_112' title='bbox 467 1343 600 1408; x_wconf 84' lang='grc' dir='ltr'><em>θεὸς</em></span> <span class='ocrx_word' id='word_1_113' title='bbox 627 1341 873 1416; x_wconf 82' lang='grc' dir='ltr'><em>ἐβούλετ’</em></span> <span class='ocrx_word' id='word_1_114' title='bbox 903 1348 963 1400; x_wconf 89' lang='grc' dir='ltr'><em>ἐν</em></span> <span class='ocrx_word' id='word_1_115' title='bbox 988 1344 1175 1416; x_wconf 87' lang='grc' dir='ltr'><em>δόμοις</em></span> <span class='ocrx_word' id='word_1_116' title='bbox 1199 1342 1250 1399; x_wconf 85' lang='grc' dir='ltr'><em>σ’</em></span> <span class='ocrx_word' id='word_1_117' title='bbox 1288 1351 1433 1415; x_wconf 80' lang='grc' dir='ltr'><em>ἔχειν</em></span> <span class='ocrx_word' id='word_1_118' title='bbox 1464 1342 1674 1414; x_wconf 79' lang='grc' dir='ltr'><em>λάτριν.</em></span> 
     </span>
     <span class='ocr_line' id='line_1_16' title="bbox 221 1427 1717 1504; baseline -0.001 -18"><span class='ocrx_word' id='word_1_119' title='bbox 221 1437 382 1486; x_wconf 69' lang='grc' dir='ltr'><em>ΙΩΝ.</em></span> <span class='ocrx_word' id='word_1_120' title='bbox 408 1435 517 1485; x_wconf 85' lang='grc' dir='ltr'><em>νῦν</em></span> <span class='ocrx_word' id='word_1_121' title='bbox 543 1427 594 1485; x_wconf 88' lang='grc' dir='ltr'><em>δ’</em></span> <span class='ocrx_word' id='word_1_122' title='bbox 623 1427 746 1501; x_wconf 81' lang='grc' dir='ltr'><em>οὐχὶ</em></span> <span class='ocrx_word' id='word_1_123' title='bbox 769 1430 981 1503; x_wconf 79' lang='grc' dir='ltr'><em>χρῄζει;</em></span> <span class='ocrx_word' id='word_1_124' title='bbox 1007 1436 1082 1504; x_wconf 79' lang='grc' dir='ltr'><em>τῷ</em></span> <span class='ocrx_word' id='word_1_125' title='bbox 1107 1430 1233 1486; x_wconf 85' lang='grc' dir='ltr'><em>τόδε</em></span> <span class='ocrx_word' id='word_1_126' title='bbox 1257 1436 1474 1501; x_wconf 86' lang='grc' dir='ltr'><em>γνῶναί</em></span> <span class='ocrx_word' id='word_1_127' title='bbox 1494 1452 1560 1501; x_wconf 90' lang='grc' dir='ltr'><em>με</em></span> <span class='ocrx_word' id='word_1_128' title='bbox 1585 1428 1717 1500; x_wconf 85' lang='grc' dir='ltr'><em>χρή;</em></span> 
     </span>
     <span class='ocr_line' id='line_1_17' title="bbox 219 1512 1887 1586; baseline -0.001 -15"><span class='ocrx_word' id='word_1_129' title='bbox 219 1523 338 1571; x_wconf 85' lang='lat' dir='ltr'><em>HT.</em></span> <span class='ocrx_word' id='word_1_130' title='bbox 410 1517 617 1585; x_wconf 89' lang='grc' dir='ltr'><em>πατέρα</em></span> <span class='ocrx_word' id='word_1_131' title='bbox 641 1515 918 1571; x_wconf 77' lang='grc' dir='ltr'><em>κατειπών</em></span> <span class='ocrx_word' id='word_1_132' title='bbox 943 1517 1112 1586; x_wconf 84' lang='grc' dir='ltr'><em>τῆσδέ</em></span> <span class='ocrx_word' id='word_1_133' title='bbox 1132 1512 1181 1570; x_wconf 84' lang='grc' dir='ltr'><em>σ’</em></span> <span class='ocrx_word' id='word_1_134' title='bbox 1213 1517 1476 1586; x_wconf 80' lang='grc' dir='ltr'><em>ἐκπέμπει</em></span> <span class='ocrx_word' id='word_1_135' title='bbox 1500 1514 1719 1586; x_wconf 85' lang='grc' dir='ltr'><em>χθονός.</em></span> <span class='ocrx_word' id='word_1_136' title='bbox 1780 1527 1887 1570; x_wconf 72' lang='lat'>1345</span> 
     </span>
     <span class='ocr_line' id='line_1_18' title="bbox 218 1596 1669 1671; baseline -0.001 -15"><span class='ocrx_word' id='word_1_137' title='bbox 218 1606 381 1656; x_wconf 68' lang='lat' dir='ltr'><em>LQN.</em></span> <span class='ocrx_word' id='word_1_138' title='bbox 409 1599 480 1655; x_wconf 76' lang='grc' dir='ltr'><em>σὺ</em></span> <span class='ocrx_word' id='word_1_139' title='bbox 509 1597 560 1655; x_wconf 78' lang='grc' dir='ltr'><em>δ’</em></span> <span class='ocrx_word' id='word_1_140' title='bbox 592 1604 650 1656; x_wconf 89' lang='grc' dir='ltr'><em>ἐκ</em></span> <span class='ocrx_word' id='word_1_141' title='bbox 675 1607 998 1670; x_wconf 79' lang='grc' dir='ltr'><em>κελευσμῶν</em></span> <span class='ocrx_word' id='word_1_142' title='bbox 1031 1596 1064 1671; x_wconf 78' lang='grc' dir='ltr'><em>ἢ</em></span> <span class='ocrx_word' id='word_1_143' title='bbox 1090 1601 1272 1656; x_wconf 84' lang='grc' dir='ltr'><em>πόθεν</em></span> <span class='ocrx_word' id='word_1_144' title='bbox 1296 1601 1482 1667; x_wconf 82' lang='grc' dir='ltr'><em>σώζεις</em></span> <span class='ocrx_word' id='word_1_145' title='bbox 1507 1600 1669 1666; x_wconf 86' lang='grc' dir='ltr'><em>τάδε;</em></span> 
     </span>
     <span class='ocr_line' id='line_1_19' title="bbox 219 1685 1383 1756; baseline -0.001 -15"><span class='ocrx_word' id='word_1_146' title='bbox 219 1693 339 1741; x_wconf 89' lang='lat' dir='ltr'><em>HT.</em></span> <span class='ocrx_word' id='word_1_147' title='bbox 407 1685 682 1756; x_wconf 82' lang='grc' dir='ltr'><em>ἐνθύμιόν</em></span> <span class='ocrx_word' id='word_1_148' title='bbox 707 1709 800 1756; x_wconf 93' lang='grc' dir='ltr'><em>μοι</em></span> <span class='ocrx_word' id='word_1_149' title='bbox 826 1685 946 1740; x_wconf 91' lang='grc' dir='ltr'><em>τότε</em></span> <span class='ocrx_word' id='word_1_150' title='bbox 971 1691 1161 1756; x_wconf 83' lang='grc' dir='ltr'><em>τίθησι</em></span> <span class='ocrx_word' id='word_1_151' title='bbox 1185 1688 1383 1752; x_wconf 81' lang='grc' dir='ltr'><em>Λοξίας</em></span> 
     </span>
     <span class='ocr_line' id='line_1_20' title="bbox 224 1769 1756 1842; baseline -0.002 -16"><span class='ocrx_word' id='word_1_152' title='bbox 224 1777 382 1826; x_wconf 71' lang='grc' dir='ltr'><em>ῙΩΝ.</em></span> <span class='ocrx_word' id='word_1_153' title='bbox 410 1777 467 1825; x_wconf 91' lang='grc' dir='ltr'><em>τί</em></span> <span class='ocrx_word' id='word_1_154' title='bbox 484 1776 664 1842; x_wconf 83' lang='grc' dir='ltr'><em>χρῆμα</em></span> <span class='ocrx_word' id='word_1_155' title='bbox 693 1776 920 1841; x_wconf 71' lang='grc' dir='ltr'><em>δρᾶσαις</em></span> <span class='ocrx_word' id='word_1_156' title='bbox 948 1772 1073 1842; x_wconf 85' lang='grc' dir='ltr'><em>λέγε</em></span> <span class='ocrx_word' id='word_1_157' title='bbox 1091 1814 1104 1841; x_wconf 83' lang='grc'>,</span> <span class='ocrx_word' id='word_1_158' title='bbox 1133 1772 1360 1839; x_wconf 88' lang='grc' dir='ltr'><em>πέραινε</em></span> <span class='ocrx_word' id='word_1_159' title='bbox 1385 1770 1517 1835; x_wconf 79' lang='grc' dir='ltr'><em>σοὺς</em></span> <span class='ocrx_word' id='word_1_160' title='bbox 1542 1769 1756 1841; x_wconf 80' lang='grc' dir='ltr'><em>λόγους.</em></span> 
     </span>
     <span class='ocr_line' id='line_1_21' title="bbox 221 1853 1715 1927; baseline -0.001 -16"><span class='ocrx_word' id='word_1_161' title='bbox 221 1862 339 1911; x_wconf 87' lang='lat' dir='ltr'><em>HT.</em></span> <span class='ocrx_word' id='word_1_162' title='bbox 411 1862 584 1911; x_wconf 91' lang='grc' dir='ltr'><em>σῶσαι</em></span> <span class='ocrx_word' id='word_1_163' title='bbox 610 1853 725 1911; x_wconf 82' lang='grc' dir='ltr'><em>τόδ’</em></span> <span class='ocrx_word' id='word_1_164' title='bbox 757 1853 953 1927; x_wconf 76' lang='grc' dir='ltr'><em>εὕρημ’</em></span> <span class='ocrx_word' id='word_1_165' title='bbox 985 1861 1060 1920; x_wconf 82' lang='grc' dir='ltr'><em>εἰς</em></span> <span class='ocrx_word' id='word_1_166' title='bbox 1084 1854 1181 1910; x_wconf 83' lang='grc' dir='ltr'><em>τὸν</em></span> <span class='ocrx_word' id='word_1_167' title='bbox 1208 1854 1340 1910; x_wconf 77' lang='grc' dir='ltr'><em>ὄντα</em></span> <span class='ocrx_word' id='word_1_168' title='bbox 1363 1862 1472 1910; x_wconf 85' lang='grc' dir='ltr'><em>νῦν</em></span> <span class='ocrx_word' id='word_1_169' title='bbox 1496 1855 1715 1926; x_wconf 87' lang='grc' dir='ltr'><em>χρόνον.</em></span> 
     </span>
     <span class='ocr_line' id='line_1_22' title="bbox 220 1937 1890 2012; baseline 0.001 -17"><span class='ocrx_word' id='word_1_170' title='bbox 220 1946 382 1996; x_wconf 71' lang='grc' dir='ltr'><em>ΙΩΝ.</em></span> <span class='ocrx_word' id='word_1_171' title='bbox 410 1946 518 2011; x_wconf 83' lang='grc' dir='ltr'><em>ἔχει</em></span> <span class='ocrx_word' id='word_1_172' title='bbox 543 1942 608 1996; x_wconf 87' lang='grc' dir='ltr'><em>δέ</em></span> <span class='ocrx_word' id='word_1_173' title='bbox 627 1965 719 2012; x_wconf 90' lang='grc' dir='ltr'><em>μοι</em></span> <span class='ocrx_word' id='word_1_174' title='bbox 744 1947 802 1996; x_wconf 95' lang='grc' dir='ltr'><em>τί</em></span> <span class='ocrx_word' id='word_1_175' title='bbox 820 1943 1015 2011; x_wconf 81' lang='grc' dir='ltr'><em>κέρδος</em></span> <span class='ocrx_word' id='word_1_176' title='bbox 1039 1937 1074 2012; x_wconf 79' lang='grc' dir='ltr'><em>ἢ</em></span> <span class='ocrx_word' id='word_1_177' title='bbox 1098 1946 1222 1995; x_wconf 84' lang='grc' dir='ltr'><em>τίνα</em></span> <span class='ocrx_word' id='word_1_178' title='bbox 1246 1940 1487 2012; x_wconf 84' lang='grc' dir='ltr'><em>βλάβην;</em></span> <span class='ocrx_word' id='word_1_179' title='bbox 1781 1954 1890 1997; x_wconf 80' lang='lat'>1350</span> 
     </span>
     <span class='ocr_line' id='line_1_23' title="bbox 228 2023 1716 2097; baseline -0.001 -16"><span class='ocrx_word' id='word_1_180' title='bbox 228 2033 339 2081; x_wconf 83' lang='lat' dir='ltr'><em>HT.</em></span> <span class='ocrx_word' id='word_1_181' title='bbox 410 2026 615 2080; x_wconf 84' lang='grc' dir='ltr'><em>ἐνθάδε</em></span> <span class='ocrx_word' id='word_1_182' title='bbox 647 2029 946 2094; x_wconf 84' lang='grc' dir='ltr'><em>κέκρυπται</em></span> <span class='ocrx_word' id='word_1_183' title='bbox 976 2023 1249 2097; x_wconf 81' lang='grc' dir='ltr'><em>σπάργαν’</em></span> <span class='ocrx_word' id='word_1_184' title='bbox 1280 2023 1361 2091; x_wconf 84' lang='grc' dir='ltr'><em>οἷς</em></span> <span class='ocrx_word' id='word_1_185' title='bbox 1392 2029 1604 2096; x_wconf 82' lang='grc' dir='ltr'><em>ἐνῆσθα</em></span> <span class='ocrx_word' id='word_1_186' title='bbox 1629 2026 1716 2080; x_wconf 83' lang='grc' dir='ltr'><em>σύ.</em></span> 
     </span>
     <span class='ocr_line' id='line_1_24' title="bbox 221 2108 1516 2182; baseline -0.002 -16"><span class='ocrx_word' id='word_1_187' title='bbox 221 2116 382 2166; x_wconf 72' lang='grc' dir='ltr'><em>ῙΩΝ.</em></span> <span class='ocrx_word' id='word_1_188' title='bbox 409 2109 610 2181; x_wconf 82' lang='grc' dir='ltr'><em>μητρὸς</em></span> <span class='ocrx_word' id='word_1_189' title='bbox 638 2109 758 2165; x_wconf 80' lang='grc' dir='ltr'><em>τάδ’</em></span> <span class='ocrx_word' id='word_1_190' title='bbox 788 2108 918 2181; x_wconf 80' lang='grc' dir='ltr'><em>ἡμῖν</em></span> <span class='ocrx_word' id='word_1_191' title='bbox 944 2113 1194 2181; x_wconf 76' lang='grc' dir='ltr'><em>ἐκφέρεις</em></span> <span class='ocrx_word' id='word_1_192' title='bbox 1218 2112 1516 2182; x_wconf 82' lang='grc' dir='ltr'><em>ζητήματα;</em></span> 
     </span>
     <span class='ocr_line' id='line_1_25' title="bbox 224 2192 1682 2267; baseline -0.002 -16"><span class='ocrx_word' id='word_1_193' title='bbox 224 2203 340 2251; x_wconf 91' lang='lat' dir='ltr'><em>HT.</em></span> <span class='ocrx_word' id='word_1_194' title='bbox 414 2198 538 2250; x_wconf 89' lang='grc' dir='ltr'><em>ἐπεί</em></span> <span class='ocrx_word' id='word_1_195' title='bbox 558 2192 612 2266; x_wconf 82' lang='grc' dir='ltr'><em>γ’</em></span> <span class='ocrx_word' id='word_1_196' title='bbox 642 2194 669 2252; x_wconf 82' lang='grc' dir='ltr'><em>ὁ</em></span> <span class='ocrx_word' id='word_1_197' title='bbox 697 2201 910 2266; x_wconf 87' lang='grc' dir='ltr'><em>δαίμων</em></span> <span class='ocrx_word' id='word_1_198' title='bbox 935 2196 1222 2267; x_wconf 80' lang='grc' dir='ltr'><em>βούλεται’</em></span> <span class='ocrx_word' id='word_1_199' title='bbox 1249 2197 1487 2267; x_wconf 85' lang='grc' dir='ltr'><em>πάροιθε</em></span> <span class='ocrx_word' id='word_1_200' title='bbox 1514 2192 1567 2250; x_wconf 88' lang='grc' dir='ltr'><em>δ’</em></span> <span class='ocrx_word' id='word_1_201' title='bbox 1598 2192 1682 2250; x_wconf 77' lang='grc' dir='ltr'><em>οὗ.</em></span> 
     </span>
     <span class='ocr_line' id='line_1_26' title="bbox 222 2272 1570 2353; baseline -0.003 -15"><span class='ocrx_word' id='word_1_202' title='bbox 222 2286 386 2338; x_wconf 77' lang='grc' dir='ltr'><em>ῙῼΝ.</em></span> <span class='ocrx_word' id='word_1_203' title='bbox 417 2272 460 2335; x_wconf 88' lang='grc' dir='ltr'><em>ῶ</em></span> <span class='ocrx_word' id='word_1_204' title='bbox 484 2287 772 2353; x_wconf 90' lang='grc' dir='ltr'><em>μακαρίων</em></span> <span class='ocrx_word' id='word_1_205' title='bbox 796 2304 888 2351; x_wconf 88' lang='grc' dir='ltr'><em>μοι</em></span> <span class='ocrx_word' id='word_1_206' title='bbox 915 2281 1218 2351; x_wconf 76' lang='grc' dir='ltr'><em>φασμάτων</em></span> <span class='ocrx_word' id='word_1_207' title='bbox 1249 2278 1343 2351; x_wconf 77' lang='grc' dir='ltr'><em>ἧδ’</em></span> <span class='ocrx_word' id='word_1_208' title='bbox 1378 2277 1570 2351; x_wconf 77' lang='grc' dir='ltr'><em>ἡμέρα.</em></span> 
     </span>
     <span class='ocr_line' id='line_1_27' title="bbox 221 2363 1887 2447; baseline -0.001 -26"><span class='ocrx_word' id='word_1_209' title='bbox 221 2373 341 2421; x_wconf 93' lang='lat' dir='ltr'><em>HT.</em></span> <span class='ocrx_word' id='word_1_210' title='bbox 413 2365 601 2436; x_wconf 86' lang='grc' dir='ltr'><em>λαβών</em></span> <span class='ocrx_word' id='word_1_211' title='bbox 625 2389 732 2422; x_wconf 92' lang='grc' dir='ltr'><em>νυν</em></span> <span class='ocrx_word' id='word_1_212' title='bbox 758 2363 898 2421; x_wconf 76' lang='grc' dir='ltr'><em>αὐτὰ</em></span> <span class='ocrx_word' id='word_1_213' title='bbox 923 2365 1022 2436; x_wconf 83' lang='grc' dir='ltr'><em>τὴν</em></span> <span class='ocrx_word' id='word_1_214' title='bbox 1047 2372 1318 2421; x_wconf 83' lang='grc' dir='ltr'><em>τεκοῦσαν</em></span> <span class='ocrx_word' id='word_1_215' title='bbox 1343 2366 1580 2447; x_wconf 46' lang='grc' dir='ltr'><em>ἕω.</em></span> <span class='ocrx_word' id='word_1_216' title='bbox 1613 2376 1657 2415; x_wconf 63' lang='grc' dir='ltr'>Η</span> <span class='ocrx_word' id='word_1_217' title='bbox 1780 2378 1887 2420; x_wconf 79' lang='lat'>1355</span> 
     </span>
     <span class='ocr_line' id='line_1_28' title="bbox 224 2447 1818 2523; baseline -0.001 -17"><span class='ocrx_word' id='word_1_218' title='bbox 224 2457 380 2506; x_wconf 74' lang='grc' dir='ltr'><em>ΙῼΝ.</em></span> <span class='ocrx_word' id='word_1_219' title='bbox 415 2457 597 2506; x_wconf 81' lang='grc' dir='ltr'><em>πᾶσαν</em></span> <span class='ocrx_word' id='word_1_220' title='bbox 623 2447 675 2506; x_wconf 88' lang='grc' dir='ltr'><em>δ’</em></span> <span class='ocrx_word' id='word_1_221' title='bbox 707 2449 963 2506; x_wconf 74' lang='grc' dir='ltr'><em>ἐπελθών</em></span> <span class='ocrx_word' id='word_1_222' title='bbox 991 2447 1201 2506; x_wconf 80' lang='grc' dir='ltr'><em>Ἀσιάδ’</em></span> <span class='ocrx_word' id='word_1_223' title='bbox 1232 2448 1509 2521; x_wconf 81' lang='grc' dir='ltr'><em>Εὐρώπης</em></span> <span class='ocrx_word' id='word_1_224' title='bbox 1533 2447 1596 2505; x_wconf 85' lang='grc' dir='ltr'><em>θ’</em></span> <span class='ocrx_word' id='word_1_225' title='bbox 1627 2447 1818 2523; x_wconf 70' lang='grc' dir='ltr'><em>ὅρουςς</em></span> 
     </span>
     <span class='ocr_line' id='line_1_29' title="bbox 223 2532 1631 2606; baseline 0.001 -16"><span class='ocrx_word' id='word_1_226' title='bbox 223 2541 338 2590; x_wconf 84' lang='lat' dir='ltr'><em>HT.</em></span> <span class='ocrx_word' id='word_1_227' title='bbox 418 2535 620 2606; x_wconf 87' lang='grc' dir='ltr'><em>γνώσει</em></span> <span class='ocrx_word' id='word_1_228' title='bbox 651 2533 771 2592; x_wconf 87' lang='grc' dir='ltr'><em>τάδ’</em></span> <span class='ocrx_word' id='word_1_229' title='bbox 801 2533 983 2600; x_wconf 79' lang='grc' dir='ltr'><em>αὐτός.</em></span> <span class='ocrx_word' id='word_1_230' title='bbox 1012 2542 1110 2592; x_wconf 85' lang='grc' dir='ltr'><em>τοῦ</em></span> <span class='ocrx_word' id='word_1_231' title='bbox 1140 2542 1282 2590; x_wconf 85' lang='grc' dir='ltr'><em>θεοῦ</em></span> <span class='ocrx_word' id='word_1_232' title='bbox 1309 2532 1361 2590; x_wconf 84' lang='grc' dir='ltr'><em>δ’</em></span> <span class='ocrx_word' id='word_1_233' title='bbox 1390 2539 1547 2591; x_wconf 79' lang='grc' dir='ltr'><em>ἕκατί</em></span> <span class='ocrx_word' id='word_1_234' title='bbox 1572 2554 1631 2592; x_wconf 89' lang='grc' dir='ltr'><em>σε</em></span> 
     </span>
     <span class='ocr_line' id='line_1_30' title="bbox 417 2614 1699 2691; baseline 0 -16"><span class='ocrx_word' id='word_1_235' title='bbox 417 2621 631 2690; x_wconf 75' lang='grc' dir='ltr'><em>ἔθρεψά</em></span> <span class='ocrx_word' id='word_1_236' title='bbox 655 2619 726 2690; x_wconf 77' lang='grc' dir='ltr'><em>τ’,</em></span> <span class='ocrx_word' id='word_1_237' title='bbox 760 2614 803 2675; x_wconf 82' lang='grc' dir='ltr'><em>ῶ</em></span> <span class='ocrx_word' id='word_1_238' title='bbox 829 2634 950 2691; x_wconf 77' lang='grc' dir='ltr'><em>παῖ,</em></span> <span class='ocrx_word' id='word_1_239' title='bbox 984 2623 1073 2678; x_wconf 84' lang='grc' dir='ltr'><em>καὶ</em></span> <span class='ocrx_word' id='word_1_240' title='bbox 1099 2617 1219 2676; x_wconf 85' lang='grc' dir='ltr'><em>τάδ’</em></span> <span class='ocrx_word' id='word_1_241' title='bbox 1253 2618 1572 2691; x_wconf 77' lang='grc' dir='ltr'><em>ἀποδίδωμί</em></span> <span class='ocrx_word' id='word_1_242' title='bbox 1596 2641 1699 2684; x_wconf 74' lang='grc' dir='ltr'><em>σοι,</em></span> 
     </span>
     <span class='ocr_line' id='line_1_31' title="bbox 419 2701 1633 2778; baseline 0.001 -19"><span class='ocrx_word' id='word_1_243' title='bbox 419 2701 454 2759; x_wconf 73' lang='grc' dir='ltr'><em>ἃ</em></span> <span class='ocrx_word' id='word_1_244' title='bbox 482 2718 661 2769; x_wconf 84' lang='grc' dir='ltr'><em>κεῖνος</em></span> <span class='ocrx_word' id='word_1_245' title='bbox 688 2703 1017 2762; x_wconf 76' lang='grc' dir='ltr'><em>ἀκέλευστόν</em></span> <span class='ocrx_word' id='word_1_246' title='bbox 1041 2703 1098 2778; x_wconf 83' lang='grc' dir='ltr'><em>μ’</em></span> <span class='ocrx_word' id='word_1_247' title='bbox 1133 2705 1414 2777; x_wconf 82' lang='grc' dir='ltr'><em>ἐβουλήθη</em></span> <span class='ocrx_word' id='word_1_248' title='bbox 1441 2712 1633 2776; x_wconf 81' lang='grc' dir='ltr'><em>λαβεῖν</em></span> 
     </span>
     <span class='ocr_line' id='line_1_32' title="bbox 417 2786 1888 2861; baseline -0.001 -16"><span class='ocrx_word' id='word_1_249' title='bbox 417 2796 597 2846; x_wconf 89' lang='grc' dir='ltr'><em>σῶσαί</em></span> <span class='ocrx_word' id='word_1_250' title='bbox 616 2788 710 2846; x_wconf 85' lang='grc' dir='ltr'><em>θ’·</em></span> <span class='ocrx_word' id='word_1_251' title='bbox 741 2788 872 2847; x_wconf 77' lang='grc' dir='ltr'><em>ὅτου</em></span> <span class='ocrx_word' id='word_1_252' title='bbox 899 2792 964 2846; x_wconf 87' lang='grc' dir='ltr'><em>δέ</em></span> <span class='ocrx_word' id='word_1_253' title='bbox 993 2796 1045 2861; x_wconf 84' lang='grc' dir='ltr'><em>γ’</em></span> <span class='ocrx_word' id='word_1_254' title='bbox 1072 2786 1254 2860; x_wconf 77' lang='grc' dir='ltr'><em>εἵνεκ’,</em></span> <span class='ocrx_word' id='word_1_255' title='bbox 1287 2788 1389 2846; x_wconf 79' lang='grc' dir='ltr'><em>οὐκ</em></span> <span class='ocrx_word' id='word_1_256' title='bbox 1416 2797 1517 2861; x_wconf 75' lang='grc' dir='ltr'><em>ἔχω</em></span> <span class='ocrx_word' id='word_1_257' title='bbox 1546 2792 1744 2861; x_wconf 89' lang='grc' dir='ltr'><em>λέγει-ν.</em></span> <span class='ocrx_word' id='word_1_258' title='bbox 1781 2801 1888 2845; x_wconf 84' lang='grc'>1360</span> 
     </span>
     <span class='ocr_line' id='line_1_33' title="bbox 417 2873 1560 2949; baseline 0 -19"><span class='ocrx_word' id='word_1_259' title='bbox 417 2873 538 2947; x_wconf 80' lang='grc' dir='ltr'><em>ᾔδει</em></span> <span class='ocrx_word' id='word_1_260' title='bbox 565 2876 626 2932; x_wconf 69' lang='grc' dir='ltr'><em>δὲ</em></span> <span class='ocrx_word' id='word_1_261' title='bbox 650 2884 877 2949; x_wconf 79' lang='grc' dir='ltr'><em>θνητῶν</em></span> <span class='ocrx_word' id='word_1_262' title='bbox 907 2873 1057 2941; x_wconf 73' lang='grc' dir='ltr'><em>οὔτις</em></span> <span class='ocrx_word' id='word_1_263' title='bbox 1082 2874 1401 2946; x_wconf 75' lang='grc' dir='ltr'><em>ἀνθρώπων</em></span> <span class='ocrx_word' id='word_1_264' title='bbox 1432 2875 1560 2931; x_wconf 87' lang='grc' dir='ltr'><em>τάδε</em></span> 
     </span>
    </p>
   </div>
  </div>
 </body>
</html>
