2018 3117
605 558 1179 613 ΤΠΟΘΕΣΙΣ.

242 751 400 808 Μετὰ
428 753 529 824 τὴν
555 752 713 808 Ἰλίου
749 752 1028 822 πόρθησιν
1057 755 1242 816 ἔδοξεν
1269 751 1478 824 Ἀθηνᾷ
1511 773 1566 805 τε
1596 751 1684 805 καὶ

103 842 412 894 Ποσειδῶνι
452 836 512 892 τὸ
553 842 662 892 τῶν
707 836 937 906 Ἀχαιῶν
985 836 1293 905 στράτευμα
1342 838 1683 904 διαφθεῖραι,

102 923 202 972 τοῦ
232 918 332 987 μὲν
366 915 697 983 εὐνοοῦντος
721 922 786 989 τῇ
813 917 969 971 πόλει
1000 917 1091 971 διὰ
1124 915 1224 985 τὴν
1254 921 1455 986 κτίσιν,
1501 919 1595 983 τῆς
1625 915 1684 967 δὲ

101 999 403 1069 μισησάσης
427 997 833 1068 τοὺς”Ελληνας
863 997 953 1052 διὰ
988 996 1089 1067 τὴν
1109 1005 1346 1060 Αἴαντος
1368 1002 1441 1060 εἰς
1460 995 1685 1050 Κασάν-

102 1084 238 1151 δραν
269 1081 454 1151 ὕβριν.
507 1083 563 1134 oc
593 1080 652 1134 δὲ
678 1078 937 1181 ι’Έλληνες
972 1081 1386 1149 κληρωσάμενοι
1420 1077 1544 1147 περὶ
1570 1083 1724 1134 τῶνό

102 1162 458 1265 αἰχμαλώτων
475 1168 757 1231 γυναικῶν
776 1160 871 1226 τὰς
889 1164 950 1215 έν
970 1160 1271 1230 ἀξιώμασιν
1295 1164 1508 1214 ἔδωκαν
1523 1158 1685 1228 Ἀνα-

99 1246 329 1314 μέμνονι
357 1247 457 1314 μὲν
484 1245 845 1313 Κασάνδραν,
887 1241 1261 1312 Ἀνδρομάχην
1284 1243 1344 1296 δε
1371 1245 1685 1296 Νεοπτολέ-

100 1346 200 1398 μῳ,
227 1326 547 1395 Πολυξένην
568 1325 627 1379 δε
646 1348 718 1380 τω
737 1323 980 1394 Ἀχιλλει.
1005 1323 1210 1392 ταύτην
1231 1324 1330 1392 μὲν
1352 1316 1456 1376 οὖν
1478 1325 1564 1377 ἐπὶ
1584 1319 1678 1392 τῆς

101 1411 200 1459 τοῦ
219 1404 498 1475 Ἀχιλλέως
519 1408 700 1475 ταφῆς
723 1409 1082 1475 κατέσφαξαν,
1101 1402 1472 1459 Ἀστυάνακτα
1494 1405 1553 1457 δὲ
1575 1401 1682 1457 άπὸ

99 1509 210 1541 των
230 1492 425 1556 τειχῶν
450 1491 707 1558 ἔρριψαν,
740 1485 962 1557 Ελένην
983 1487 1043 1541 δε
1065 1484 1136 1550 ὥς
1158 1484 1477 1540 άποκτενων
1498 1488 1682 1539 Μενέ-
1699 1500 1754 1542 10

97 1576 225 1634 λαος
245 1566 481 1640 ἤγαγεν,
516 1567 867 1640 Ἀγαμέμνων
889 1569 948 1623 δὲ
969 1567 1070 1638 τὴν
1091 1566 1418 1642 χρησμῳδόν
1434 1568 1683 1637 ε’νυμφα-

97 1649 366 1719 γσόγησεν.
424 1647 622 1721 Ἑκάβη
652 1649 711 1704 δὲ
743 1656 836 1720 τῆς
867 1651 967 1721 μὲν
998 1648 1212 1719 Ἑλένης
1246 1648 1682 1720 κατηγορήσασα,

98 1730 228 1794 τούς
246 1727 638 1799 ἀναιρεθέντας
669 1730 728 1785 δὲ
759 1735 1175 1801 κατοδυραμένη
1207 1729 1297 1785 καὶ
1325 1773 1336 1782 .
1374 1772 1385 1783 .
1427 1772 1438 1782 .
1479 1727 1683 1801 κηδεύ-

100 1827 270 1883 σασα,
314 1811 452 1882 πρὸς
477 1812 571 1876 τὰς
601 1811 904 1878 Ὀδυσσέως
936 1811 1084 1883 ἤχθη
1118 1811 1349 1883 σκηνάς,
1388 1813 1564 1885 τούτῳ
1585 1818 1683 1867 λα-

99 1892 314 1962 τρεύειν
346 1897 590 1948 δοθεῖσα.
1702 1907 1753 1949 15
