2018 3117
121 983 225 1031 ΕΡ.

117 1235 238 1283 HA.

116 1319 222 1366 ΕΡ.

119 1402 237 1450 HA.

114 1487 221 1535 ΕΡ.

114 1569 236 1618 HA.

115 1654 221 1702 ΕΡ.

114 1737 234 1786 ΗΛ.

115 1822 221 1870 ΕΡ.

114 1905 236 1954 ΗΛ.

114 1990 220 2038 ΕΡ.

119 2073 235 2122 HA.

802 82 1116 129 ΟΡΕΣΤΗΣ
1659 83 1759 134 291

311 216 404 291 ἥδ’
428 217 678 293 Ἑρμιόνη
705 220 952 294 πάρεστι·
984 220 1280 293 παύσωμεν
1300 222 1453 294 βοήν.

314 310 511 375 στείχει
535 303 638 377 γὰρ
668 310 992 360 εἰσπεσοῦσα
1022 305 1262 361 δικτύων
1284 306 1530 378 βρόχους.
1654 320 1760 364 1315

311 386 482 443 καλὸν
507 387 565 444 τό
592 386 820 460 θήραμ’,
849 384 920 458 ἢν
945 385 1058 463 ἁλῷ
1073 432 1086 458 ,
1113 389 1414 460 γενήσεται.

310 473 476 528 πάλιν
498 470 794 543 κατάστηθ’
826 469 1009 546 ἡσύχῳ
1038 473 1139 543 μὲν
1161 470 1374 544 ὄμματι,

313 556 447 630 χρόα
468 555 527 610 δ’
557 554 740 630 ἀδήλῳ
763 561 873 611 τῶν
895 560 1249 656 δεδραμένων
1274 561 1423 657 πέρι·

317 663 466 711 καγω
491 638 860 713 σκυθρωποὺς
882 636 1137 710 ὀμμάτων
1167 643 1265 707 ἔξω
1295 641 1476 715 κόρας,

317 747 388 788 ως
418 729 594 795 δῆθεν
621 721 722 780 οὐκ
748 728 926 778 εἰδυῖα
957 721 1395 796 τάξειργασμεᾞνα
1650 738 1758 782 1320

316 832 357 863 ω
383 805 640 881 παρθέν’,
667 804 816 878 ήκεις
838 806 934 862 τὸν
956 808 1440 912 Κλυταιμνήστρας
1464 810 1638 881 τάφον

308 893 544 957 στέψασα
567 893 658 947 καὶ
686 897 948 946 σπείσασα
971 894 1243 964 νερτέροις
1267 893 1421 962 χοάς;

307 973 449 1047 ήκω,
481 981 724 1047 λαβοῦσα
747 977 1126 1047 πρευμένειαν.
1153 974 1288 1031 αλλά
1310 1000 1400 1047 μοι

310 1059 482 1131 φόβος
504 1083 582 1125 τις
609 1057 942 1131 εἰσελήλυθ’,
970 1057 1147 1130 ἥντιν’
1175 1064 1234 1116 ἐν
1258 1061 1442 1132 δόμοις

309 1142 570 1214 τηλουρὸς
599 1136 734 1200 οὖσα
761 1142 1025 1214 δωμάτων
1048 1144 1194 1200 κλύω
1221 1145 1373 1216 βοήν.
1647 1160 1753 1202 1325

304 1235 361 1283 τί
381 1225 465 1295 δ’;
493 1226 598 1294 ἄξι’
626 1226 756 1299 ἡμῖν
781 1228 1036 1298 τυγχάνει
1059 1229 1460 1300 στεναγμάτων.

308 1309 550 1383 εὔφημος
575 1321 693 1368 ι”σθι
710 1330 720 1340 ·
757 1318 815 1367 τί
837 1312 897 1367 δὲ
922 1313 1190 1381 νεώτερον
1217 1315 1420 1384 λέγεις;

304 1405 503 1452 θανεῖν
521 1394 777 1468 Ὀρέστην
800 1393 928 1467 κάμ’
959 1400 1108 1462 ἔδοξε
1133 1401 1262 1469 τῇδε
1285 1404 1371 1470 γῇ.

296 1478 368 1551 μὴ
399 1478 538 1551 δῆτ’,
566 1479 726 1551 ἐμούς
752 1503 813 1550 γε
837 1495 1119 1551 συγγενεῖς
1145 1481 1473 1551 πεφυκότας.

307 1562 495 1637 άραρ’·
523 1562 760 1635 ἀνάγκης
786 1570 860 1630 είς
885 1567 1045 1634 ζυγὸν
1072 1568 1431 1636 καθέσταμεν.
1646 1580 1754 1623 1330

301 1650 333 1719 ή
358 1645 513 1703 τοῦδ’
544 1651 691 1703 έκατι
720 1650 811 1703 και
838 1647 938 1719 βοὴ
964 1671 1100 1704 κατα
1123 1650 1341 1720 στέγας;

305 1734 480 1803 ικέτης
505 1755 608 1804 γαρ
632 1730 845 1803 Ελένης
869 1732 1061 1802 γόνασι
1086 1751 1411 1805 προσπεσων
1435 1739 1539 1806 βοᾷ

301 1822 409 1882 τίς;
443 1813 609 1871 ουδὲν
632 1816 754 1872 οἶδα
775 1822 1007 1887 μᾶλλον,
1034 1841 1104 1888 ην
1128 1815 1197 1872 σὺ
1221 1815 1293 1888 μὴ
1324 1820 1499 1890 λέγῃς.

301 1899 521 1971 τλήμων
544 1897 792 1972 Ὀρέστης
814 1899 885 1972 μὴ
912 1909 1136 1970 θανεῖν,
1163 1904 1295 1972 ἐμοῦ
1320 1899 1379 1957 θ’
1413 1899 1571 1974 ὕπερ.

299 1980 385 2039 ἐπ’
414 1980 618 2050 ἀξίοισί
634 1981 752 2056 τᾶρ’
781 1982 1092 2056 ἀνευφημεῖ
1114 1984 1291 2056 δόμος.
1641 2000 1751 2043 1335

301 2069 425 2139 περὶ
447 2074 546 2123 τοῦ
574 2067 678 2141 γὰρ
702 2066 872 2126 ἄλλου
897 2075 1102 2140 μᾶλλον
1127 2066 1196 2124 ἂν
1222 2070 1521 2141 φθέγξαιτό
1547 2094 1655 2138 τις;

308 2148 425 2207 ἀλλ’
454 2153 582 2208 ἐλθὲ
603 2155 693 2208 καὶ
714 2153 968 2224 μετάσχες
994 2158 1198 2218 ἱκεσίας
1221 2160 1416 2225 φίλοις,

303 2241 370 2308 σῇ
394 2239 556 2309 μητρι
578 2243 961 2309 προσπεσοῦσα
986 2244 1050 2311 τεῇ
1074 2240 1174 2310 μέγ
1185 2235 1404 2313 ’ὀλβία,

305 2319 648 2377 Μενέλαον“
619 2328 755 2393 ημᾶς
778 2320 850 2394 μὴ
874 2323 1150 2388 θανόντας
1181 2327 1425 2378 εἰσιδεῖν.

302 2399 423 2458 ἀλλ’
452 2427 492 2459 ω
515 2419 780 2478 τραφεῖσα
804 2404 1002 2478 μητρὸς
1027 2408 1086 2461 ἐν
1108 2419 1292 2476 χεροῖν
1314 2410 1458 2477 ἐμῆς,
1641 2419 1750 2463 1340

304 2486 623 2561 οἴκτειρον“
594 2497 731 2562 ημᾶς
764 2488 1167 2559 καπικούφισον
1191 2512 1392 2545 κακων.

302 2567 386 2626 ἴθ’
419 2577 491 2636 εἰς
517 2570 703 2644 αγῶνα
728 2571 903 2646 δεῦρ’,
931 2572 1036 2644 ἐγώ
1063 2570 1116 2628 δ’
1147 2570 1441 2646 ηγήσομαι·

215 2710 220 2713 .
303 2661 570 2727 σωτηρίας
594 2655 695 2730 γὰρ
720 2655 871 2730 τέρμ’
906 2663 1041 2727 ἔχεις
1062 2654 1193 2728 ἡμῖν
1215 2656 1371 2730 μόνη.

112 2745 215 2793 ΕΡ.

297 2739 447 2809 ι’δού,
476 2740 656 2796 διώκω
680 2740 776 2797 τὸν
803 2740 935 2813 ἐμὸν
959 2747 1033 2807 εἰς
1059 2741 1261 2812 δόμους
1287 2743 1445 2798 πόδα.

300 2821 512 2894 σώθηθ’
538 2820 667 2879 ὅσον
693 2848 755 2896 γε
776 2821 927 2881 τούπ’
955 2822 1058 2897 ἔμ’.
1082 2832 1203 2881 HA.
1221 2818 1266 2881 ὦ
1280 2825 1414 2881 κατὰ
1437 2828 1625 2897 στέγας
1641 2840 1747 2882 1345

1303 2906 1411 2953 19*
