2018 3117
429 97 806 146 ΙΦΙΓΕΝΕΙΑ
840 102 895 146 Η
928 102 1026 149 ΕΝ
1059 104 1313 151 ΛΥΛΙΔΙ
1640 107 1705 159 15

250 231 442 306 οὐρίας
466 243 681 309 πομπῆς
695 246 988 311 σπανίζων,
1002 248 1279 300 Δαναΐδαι
1304 242 1357 300 δ’
1384 243 1607 317 ἆφιέναι
1621 263 1704 305 352

253 325 385 384 ναῦς
419 320 772 393 διήγγελλον,
808 324 985 396 μάτην
1031 326 1091 381 δὲ
1137 326 1208 398 μὴ
1257 342 1450 385 πονεῖν
1487 333 1547 386 ἐν
1578 330 1701 390 Αὖ-

800 412 930 478 λίδι,
1616 430 1700 474 353

677 500 703 528 *
776 501 799 525 *
873 499 898 526 *
972 503 995 529 *
1068 499 1092 526 *

247 565 384 639 κάμὲ
409 570 758 640 παρεκάλεις·
797 579 854 628 τί
876 573 1092 642 δράσι-ος
1130 579 1238 630 τίν’
1283 580 1508 650 ἀπορῶν
1554 578 1699 653 εὕρω

796 656 992 726 πόρον,
1613 678 1699 721 356

245 733 381 791 ώστε
404 736 476 807 μὴ
502 739 787 807 στερέντας
812 737 977 810 ἀρχῆς
1001 739 1261 798 ἀπολέσαι
1284 745 1454 800 καλὸν
1488 750 1670 814 κλέος·
1658 792 1671 815 ,

243 813 365 875 κατ’
395 823 512 876 ἐπει
536 821 754 893 Καλχας
779 827 839 879 ἐν
866 829 1030 895 ἱεροῖς
1058 825 1174 881 εἷπε
1199 826 1302 900 σὴν
1325 835 1498 886 θῦσαι
1522 832 1697 904 κόρην

244 904 510 980 [Ἀρτέμιδι
546 909 635 962 και
661 913 839 962 πλοῦν
875 914 1100 966 ἔσεσθαι
1131 918 1466 984 Δαναΐδαις,
1503 912 1696 985 ἡσθεὶς

792 994 1017 1070 φρένας]
1610 1015 1691 1059 359

240 1090 471 1144 ασμενος
488 1072 689 1130 θυσειν
703 1072 939 1148 ὑπέστης
953 1082 1148 1134 παῖδα
1175 1083 1267 1135 και
1290 1084 1518 1152 πέμπεις
1533 1084 1694 1156 ἑκών,

240 1154 305 1211 οὐ
330 1163 454 1259 ffla',
480 1156 552 1229 μὴ
577 1164 738 1214 τοῦτο
764 1163 947 1233 λέξῃς,
974 1168 1041 1234 σῇ
1067 1163 1327 1237 δαμαρτι,
1354 1173 1523 1222 παῖδα
1548 1168 1652 1239 σὴν

239 1238 397 1311 δεῦρ’
425 1239 777 1299 ἀποστέλλειν
791 1242 1093 1316 ,Ἀχιλλει
1080 1248 1362 1320 πρόφασιν
1386 1275 1456 1317 ως
1481 1276 1692 1323 γαμου-

787 1332 974 1401 μένην.

236 1402 393 1474 οὗτος
408 1407 572 1476 αὑτός
589 1414 735 1466 ἐστιν
747 1412 916 1486 αἰθὴρ
935 1410 992 1479 ὃς
1005 1413 1121 1470 τάδ’
1146 1413 1385 1488 ἤκουσεν
1399 1422 1582 1476 σέθεν.
1608 1436 1692 1478 365

238 1500 425 1564 μυριόι
451 1496 517 1550 δέ
536 1518 618 1550 τοι
641 1495 951 1552 πεπόνθασ’
980 1496 1112 1555 αὐτὸ
1139 1499 1273 1571 πρὸς
1297 1526 1361 1558 τα
1384 1525 1688 1576 πραγματα·

235 1576 528 1633 ἐκπονοῦσ’
557 1579 799 1650 εκόντες,
827 1581 939 1636 εἶτα
964 1580 1017 1637 δ’
1047 1584 1384 1658 ἐξεχώρησαν
1407 1595 1604 1660 κακῶς,

233 1684 297 1716 τα
320 1684 421 1731 μεν
448 1659 555 1719 ὑπὸ
582 1663 800 1736 γνώμης
825 1672 1065 1722 πολιτῶν
1101 1666 1397 1741 ἀσυνέτου
1424 1696 1490 1727 τα
1515 1671 1568 1728 δ’
1597 1677 1682 1730 ε’ν-

784 1753 967 1820 δικως,

234 1828 498 1887 ἀδύνατοι
524 1839 756 1903 γεγῶτες
780 1836 937 1890 αυτοι
952 1841 1158 1907 διαφυλ
1165 1837 1399 1904 α’ξασθαι
1423 1853 1600 1897 πολιν.

223 1911 476 1981 Ἑλλάδος
498 1914 704 1987 μάλιστ’
733 1924 904 1989 εγωγε
928 1927 1020 1992 τῆς
1035 1923 1384 1995 ταλαιπώρου
1399 1927 1588 1998 στενω,
1602 1939 1688 1983 370

234 1995 264 2069 ἣ
298 2001 542 2056 θέλουσα
577 2006 717 2074 δρᾶν
750 2027 802 2058 τι
826 2006 1057 2075 κεδνόν,
1094 2007 1408 2081 βαρβαρους
1432 2032 1559 2075 τους
1585 2009 1683 2066 οὐ-

780 2090 939 2155 δε’νας

228 2175 640 2240 καταγελῶντας
655 2171 900 2243 εξανήσει
925 2172 1016 2230 δια
1039 2174 1099 2230 σε
1123 2177 1214 2231 και
1239 2175 1341 2248 τὴν
1364 2177 1468 2249 σὴν
1492 2179 1682 2252 κόρην.

226 2251 409 2324 μηδέν’
438 2278 541 2325 αρα
553 2257 746 2325 χρέους
762 2259 911 2314 ε’κατι
925 2278 1233 2332 προστατην
1246 2267 1451 2334 θείμην
1461 2265 1682 2334 χθονός,

228 2335 356 2408 μηδ’
385 2335 610 2394 ὅπλων
591 2359 853 2412 αρχοντα·
887 2349 1029 2399 νοῦν
1058 2343 1161 2417 χρὴ
1187 2343 1284 2400 τὸν
1307 2347 1681 2420 στρατηλατην

779 2449 922 2497 εχειν
939 2445 949 2456 ·

198 2550 336 2597 οὐδὲν
362 2549 494 2611 ἧσθ’,
520 2553 623 2600 ἁλλ’
647 2554 928 2615 ἐξεπλήσσου
953 2563 1011 2618 τῇ
1034 2559 1148 2618 τύχῃ
1171 2564 1229 2620 τῇ
1254 2565 1345 2606 τῶν
1366 2565 1510 2618 θεαῖν,
1597 2569 1678 2611 351

195 2635 257 2691 ὥς
288 2639 492 2699 ἄνολβον
523 2643 639 2699 εἶχες
672 2642 794 2700 ὄμμα
826 2647 1047 2702 σύγχυσίν
1077 2663 1124 2691 τε
1156 2649 1216 2704 μὴ
1253 2649 1372 2692 νεῶν

195 2710 353 2762 χιλίων
376 2706 532 2766 ἄρχων
563 2711 613 2755 τὸ
646 2713 863 2767 Πριάμου
891 2717 1055 2758 πεδίον
1087 2711 1320 2773 ἐμπλήσας
1352 2717 1506 2774 δορός.
1594 2722 1679 2766 355

194 2785 314 2852 κᾷθ’
341 2792 643 2852 ὑποστρέψας
673 2798 867 2855 λέληψαι
899 2800 1166 2858 μεταβαλών
1201 2799 1339 2853 ἄλλας
1365 2801 1560 2859 γραφάς,
1594 2808 1679 2850 363

196 2859 258 2912 ὥς
292 2864 464 2918 φονεύς
496 2863 648 2911 οὐκέτι
678 2868 914 2924 θυγατρὸς
942 2873 1025 2926 σῆς
1057 2869 1146 2914 ἔσει
1176 2870 1371 2926 μάλιστά
1401 2888 1464 2927 γε.
