2018 3117
114 2591 204 2641 10.

776 94 1152 140 ΦΟΙΝΙΣΣΑΙ
1646 93 1749 144 439

297 227 516 287 τοσαῦτ’
551 234 719 297 ἔλεξε·
746 228 841 296 σὸς
865 231 925 287 δὲ
950 237 1293 303 Πολυνείκης
1315 231 1477 304 γόνος
1642 249 1751 292 1236

298 317 357 370 ἐκ
383 315 585 381 τάξεων
610 312 821 388 ὤρουσε
844 313 1075 388 κάπῄνει
1101 316 1314 387 λόγους.

297 399 494 465 πάντες
520 397 571 454 δ’
604 399 984 472 ἐπερρόθησαν
1005 397 1240 472 ’Λργεῖοι
1263 400 1392 456 τάδε

298 483 529 555 Κάδμου
553 506 610 539 τε
634 481 763 548 λαὸς
789 481 860 548 ῶς
884 481 1052 540 δίκαι’
1081 482 1392 555 ἡγούμενοι.

296 569 383 622 ἐπὶ
411 572 591 623 τοῖσδε
622 566 672 622 δ’
703 570 1044 639 ἐσπείσαντο,
1071 566 1176 623 κάν
1199 574 1530 639 μεταιχμίοις
1638 582 1751 625 1240

294 647 494 722 ὅρκους
518 658 774 722 συνῆψαν
797 655 1048 723 ἐμμενεῖν
1072 653 1446 724 στρατηλάται.

295 732 399 806 ἤδη
426 733 482 789 δ’
510 741 781 807 ἔκρυπτον
811 742 962 806 σῶμα
988 737 1316 807 παγχάλκοις
1341 734 1526 802 ὅπλοις

294 821 470 874 δισσοὶ
500 822 752 890 γέροντος
781 824 1016 874 Οἰδίπου
1041 827 1282 876 νεανίαι·

300 909 452 973 φίλοι
483 901 536 957 δ’
565 902 863 974 ἐκόσμουν,
895 908 1058 974 τῆσδε
1082 904 1182 975 μὲν
1205 905 1415 975 πρόμον
1443 903 1645 975 χθονὸς

297 993 555 1058 σπαρτῶν
579 985 824 1059 ἀριστῆς,
871 985 968 1043 τὸν
993 988 1053 1042 δὲ
1076 993 1377 1043 Δαναϊδῶν
1401 986 1572 1059 ἄκροι.
1641 1002 1750 1044 1245

297 1073 496 1191 στήτην
524 1074 582 1126 δὲ
608 1074 835 1141 λαμπρῶ
863 1074 1111 1178 χρῶμά
1075 1073 1122 1124 τ’
1151 1073 1250 1125 οὐκ
1276 1073 1580 1142 ἠλλαξάτην

560 1153 572 1173 ,
622 1159 633 1177 ,
679 1154 691 1173 ,
736 1153 749 1173 ,

299 1239 644 1310 παρεξιόντες
671 1237 723 1295 δ’
751 1237 909 1305 άλλος
933 1237 1173 1296 άλλοθεν
1198 1247 1378 1311 φίλων

296 1323 504 1393 λόγοισι
528 1327 907 1394 θαρσύνοντες
947 1328 1194 1395 ἐξηύδων
1238 1325 1392 1380 τάδε·

294 1408 656 1478 Πολύνεικες,
685 1411 744 1463 ἐν
768 1410 854 1463 σοὶ
876 1406 1053 1480 Ζηνὸς
1079 1406 1325 1479 ὀρθῶσαι
1351 1410 1544 1480 βρέτας
1641 1422 1753 1464 1250

298 1492 560 1562 τρόπαιον
578 1490 767 1563 ’Ἀργει
792 1489 840 1547 τ’
870 1490 1067 1548 εὐκλεᾶ
1090 1498 1284 1548 δοῦναι
1309 1493 1500 1564 λόγον’

291 1571 568 1631 Ἐτεοκλέα
594 1574 640 1631 δ
666 1578 764 1631 αὐ
818 1578 888 1633 σύ
925 1576 1132 1642 πόλεως
1157 1575 1502 1648 υπερμαχεῖς,

300 1663 370 1716 συ
409 1667 724 1725 καλλίνικος
759 1661 1052 1732 γενόμενος
1077 1661 1368 1733 σκήπτρων
1391 1661 1594 1733 κράτει.

296 1740 416 1798 τάδ’
446 1741 719 1815 ἠγόρευον
743 1751 1188 1817 παρακαλοῦντες
1214 1751 1288 1810 εἰς
1312 1746 1503 1817 μάχην.

300 1827 517 1898 μάντεις
541 1829 601 1884 δὲ
624 1826 749 1900 μῆλ’
782 1836 1041 1900 ἔσφαζον,
1070 1830 1348 1902 ἐμπύρους
1371 1827 1419 1885 τ’
1448 1827 1620 1901 ἆκμάς
1644 1843 1754 1885 1255

298 1912 473 1983 ῥήξεις
495 1909 542 1967 τ’
572 1913 799 1984 ἐνώμων
824 1911 1080 1985 ὑγρότητ’
1110 1918 1364 1970 ἐναντίαν

295 1993 470 2067 ἄκραν
494 2019 551 2052 τε
575 1995 835 2069 λαμπάδ’,
862 1994 896 2068 ἢ
921 2003 1081 2054 δυοῖν
1106 1995 1268 2069 ὅρους
1292 2004 1417 2069 ἔχει,

297 2086 454 2151 νίκης
477 2104 533 2136 τε
558 2088 701 2152 σῆμα
725 2084 816 2137 καὶ
838 2079 899 2139 τὸ
926 2089 1036 2137 τῶν
1058 2079 1406 2153 ἡσσωμένων.

296 2162 416 2220 ἀλλ’
451 2174 506 2221 εἴ
528 2164 630 2221 τιν’
660 2163 833 2238 ἀλκὴν
856 2162 891 2238 ἢ
915 2165 1124 2237 σοφοὺς
1149 2173 1285 2237 ἔχεις
1308 2166 1505 2238 λόγους

296 2245 332 2320 ἦ
360 2247 544 2321 φίλτρ’
577 2253 836 2325 ἐπῳδῶν,
868 2248 1054 2321 στεῖχ’,
1079 2251 1346 2322 ἐρήτυσον
1369 2252 1531 2305 τέκνα
1645 2262 1756 2307 1260

296 2337 481 2405 δεινῆς
506 2331 761 2406 ἁμίλλης,
792 2332 862 2400 ῶς
887 2333 914 2389 ὁ
941 2339 1203 2398 κίνδυνος
1227 2336 1391 2405 μέγας

294 2417 409 2484 [καὶ
433 2414 612 2472 τᾶθλα
639 2422 814 2473 δεινά·
853 2422 1067 2522 δάκρυά
1093 2435 1178 2473 σοι
1203 2424 1489 2491 γενήσεται

297 2506 511 2557 δισσοῖν
534 2508 782 2574 στερείση
807 2499 927 2573 τῇδ’
955 2504 1014 2556 ἐν
1038 2499 1212 2575 ημέρα
1235 2498 1479 2571 τέκνοιν].

295 2578 340 2640 ῶ
363 2587 557 2641 τέκνον
582 2583 782 2656 ἔξελθ’,
803 2583 1114 2656 Ἀντιγόνη,
1142 2586 1327 2657 δόμων
1345 2586 1538 2659 πάρος·

298 2692 400 2724 ουκ
424 2672 485 2725 ἐν
505 2675 741 2741 χορείαις
765 2667 897 2725 οὐδε
919 2670 1335 2742 παρθενεύμασι
1646 2685 1756 2728 1265

299 2759 406 2808 νῦν
431 2770 518 2808 σοι
543 2766 820 2824 προχωρεῖ
838 2754 1116 2825 δαιμόνων
1138 2755 1476 2825 κατάστασις,

299 2833 419 2892 ἀλλ’
449 2834 606 2908 ἄνδρ’
633 2834 834 2910 ἀρίστω
859 2840 950 2894 καὶ
972 2839 1281 2912 κασιγνήτω
1306 2842 1471 2896 σέθεν
