2018 3117
244 109 343 160 286

906 109 1220 155 ΟΡΕΣΊἨΣ

437 250 640 321 δόμους
666 246 713 303 τ’
745 254 890 318 ἔχειν
915 246 1076 317 σούς,
1103 243 1177 301 δι’
1203 243 1600 317 Ἀγαμέμνονος
1627 244 1765 318 δόρυ
1790 259 1902 304 1146

434 333 672 406 λαβόντα
698 332 952 404 νύμφην·
985 330 1057 403 μὴ
1083 329 1187 404 γὰρ
1213 322 1317 386 οὖν
1341 329 1482 406 ζῴην
1506 335 1602 402 ἔτι,

436 416 506 486 ἣν
527 415 598 486 μὴ
615 414 693 469 ’π’
719 419 898 484 ἐκείνῃ
919 415 1206 483 φάσγανον
1229 413 1585 481 σπασώμεθα.

435 498 505 573 ἦν
532 497 584 556 δ’
613 493 718 556 οὖν
743 498 840 556 τὸν
859 496 1076 570 Ἑλένης
1100 495 1172 570 μὴ
1200 498 1553 569 κατάσχωμεν
1578 499 1774 570 φόνον,

435 586 740 658 πρήσαντες
763 593 950 649 οἴκους
976 584 1174 639 τούσδε
1198 581 1647 653 κατθανούμεθα,
1790 599 1899 641 1150

435 676 594 728 δυοῖν
610 673 714 741 γὰρ
733 667 799 725 οὐ
827 670 1124 739 σφαλέντες
1151 670 1343 739 ἕξομεν
1367 670 1540 737 κλέος,

436 760 614 819 καλῶς
640 753 907 818 θανόντες
933 748 968 822 ἢ
992 760 1167 818 καλῶς
1193 754 1540 823 σεσωσμένοι.

251 848 363 898 XO.
430 838 626 905 πάσαις
652 841 903 911 γυναιξὶν
928 834 1049 904 ἀξία
1074 851 1297 910 στυγεῖν
1322 843 1430 910 ἔφυ

254 1016 356 1066 ΟΡ.

436 921 468 997 ἡ
501 925 777 997 Τυνδαρὶς
803 935 956 992 παῖς,
982 919 1016 994 ἣ
1040 922 1380 996 κατῄσχυνεν
1403 923 1576 994 γένος.

435 1015 544 1082 φεῦ
560 1028 570 1037 ·

437 1090 539 1150 οὐκ
567 1100 713 1149 ἔστιν
738 1089 906 1147 οὐδὲν
930 1104 1187 1163 κρεῖσσον
1213 1087 1248 1162 ἦ
1278 1098 1437 1163 φίλος
1462 1091 1659 1163 σαφής,
1793 1104 1901 1148 1155

436 1175 503 1234 οὐ
529 1183 760 1242 πλοῦτος
777 1220 790 1246 ,
820 1173 886 1231 οὐ
910 1181 1170 1246 τυραννίς
1186 1193 1197 1204 ·
1228 1173 1517 1246 ἀλόγιστον
1541 1177 1604 1230 δέ
1625 1199 1676 1231 τι

435 1262 493 1318 τὸ
523 1267 734 1334 πλῆθος
760 1259 1109 1331 ἀντάλλαγμα
1133 1266 1395 1330 γενναίου
1422 1266 1607 1332 φίλου.

439 1346 508 1402 σὺ
538 1345 640 1418 γὰρ
669 1346 733 1401 τά
758 1342 807 1402 τ’
839 1351 913 1409 εἰς
937 1353 1214 1416 Αἴγισθον
1243 1347 1458 1417 ἐξηῦρες
1485 1343 1626 1400 κακὰ

440 1433 533 1487 καὶ
557 1437 792 1503 πλησίον
819 1435 1083 1501 παρῆσθα
1109 1430 1393 1486 κινδύνων
1419 1433 1552 1501 ἐμοί,

439 1523 547 1572 νῦν
570 1513 618 1572 τ’
648 1509 721 1572 αὖ
748 1520 916 1580 δίδως
943 1538 1034 1586 μοι
1058 1521 1335 1585 πολεμίων
1362 1520 1629 1586 τιμωρίαν
1793 1525 1897 1570 116(

439 1598 578 1657 κούκ
606 1598 857 1657 ἐκποδών
884 1598 946 1654 εἶ.
975 1598 1258 1670 παύσομαί
1278 1596 1331 1654 σ’
1359 1605 1559 1668 αἰνῶν,
1587 1599 1704 1653 ε’πεὶ

443 1686 609 1758 βάρος
639 1711 689 1742 τι
714 1683 818 1742 κᾶν
843 1682 973 1758 τῷδ’
1002 1688 1177 1754 ἐστίν,
1204 1689 1484 1740 αἰνεῖσθαι
1509 1688 1650 1738 λίαν.

444 1770 548 1843 ἐγώ
578 1772 638 1827 δὲ
661 1770 878 1833 πάντως
902 1770 1149 1825 ἐκπνέων
1173 1767 1356 1840 ψυχὴν
1381 1767 1515 1841 ε’μὴν

443 1862 474 1912 δ
480 1856 645 1927 ροὲσας
668 1880 719 1912 τι
742 1854 917 1927 χρῄζω
947 1853 1074 1919 τοὺς
1098 1852 1262 1924 ἐμοὺς
1286 1851 1518 1924 ἐχθροὺς
1543 1860 1760 1922 θανεῖν,

443 1938 517 1996 ἵν’
548 1938 915 1996 ἀνταναλώσω
947 1938 1048 2011 μὲν
1074 1943 1132 1994 οἴ
1149 1961 1215 2010 με
1241 1938 1576 2009 προύδοσαν,
1795 1949 1903 1993 1165

445 2028 675 2080 στένωσι
701 2023 757 2080 δ’
789 2030 945 2096 οἵπερ
969 2020 1101 2095 κᾶμ’
1132 2030 1344 2094 ἔθηκαν
1370 2021 1585 2079 ἄθλιον.

437 2106 838 2180 Ἀγαμέμνονός
862 2132 943 2163 τοι
968 2121 1093 2172 παῖς
1117 2105 1341 2179 πέφυχ’,
1369 2105 1426 2172 ὃς
1445 2105 1699 2170 Ἑλλάδος

446 2186 564 2265 ἦρξ’
599 2189 882 2263 ἀξιωθείς,
915 2189 981 2247 οὐ
1009 2191 1304 2265 τύραννος,
1335 2189 1456 2246 ἀλλ’
1486 2186 1630 2261 ὅμως

443 2278 632 2350 ῥώμην
656 2284 796 2333 θεοῦ
820 2273 925 2333 τιν’
956 2274 1066 2347 ἔσχ’
1086 2295 1097 2306 ·
1126 2273 1191 2332 ὃν
1216 2274 1283 2332 οὐ
1309 2281 1652 2345 καταισχυνῶ

442 2368 649 2419 δοῦλον
673 2359 968 2433 παρασχών
992 2361 1265 2431 θάνατον,
1294 2357 1413 2416 ἄλλ’
1444 2361 1751 2431 ἐλευθέρως
1799 2369 1907 2416 1170

441 2447 625 2520 ψυχὴν
651 2444 874 2518 ἀφήσω,
900 2449 1201 2501 Μενέλεων
1228 2445 1288 2501 δὲ
1311 2451 1543 2517 τίσομαι.

447 2530 568 2597 ἑνὸς
594 2531 696 2604 γὰρ
724 2538 774 2586 εἰ
793 2528 1106 2603 λαβοίμεθ’,
1136 2527 1457 2600 εὐτυχοῖμεν
1482 2527 1567 2599 ἅν,

447 2624 500 2671 εἴ
518 2626 696 2672 ποθεν
721 2613 948 2680 ἄελπτος
978 2617 1280 2687 παραπέσοι
1301 2620 1540 2686 σωτηρία

443 2707 706 2756 κτανοῦσι
729 2698 801 2772 μὴ
827 2706 1104 2756 θανοῦσιν
1120 2719 1131 2730 ·
1161 2696 1386 2770 εὔχομαι
1410 2698 1512 2754 ταδ
1517 2722 1557 2754 ε.

444 2782 475 2839 ὃ
501 2784 771 2856 βούλομαι
797 2784 900 2857 γὰρ
929 2781 1037 2857 ἡδὺ
1065 2786 1156 2839 καὶ
1181 2782 1273 2840 διὰ
1297 2782 1468 2854 στόμα
1794 2793 1905 2835 1175

448 2882 701 2941 πτηνοῖσι
723 2870 925 2940 μύθοις
952 2865 1246 2932 ἀδαπάνως
1268 2870 1463 2941 τέρψαι
1489 2868 1682 2938 φρένα.
