2018 3117
474 85 847 132 ΙΦΙΓΕΝΕΙΑ
886 86 939 130 H
970 86 1066 131 EN
1099 85 1355 132 ΑΤΛΙΔΙ
1647 84 1707 136 37

278 223 505 297 στρατὸς
528 222 631 295 γὰρ
657 221 860 296 ἀθρόος
884 219 1050 293 ἀργὸς
1075 219 1154 278 ῶν
1177 228 1288 278 τῶν
1312 231 1537 279 οἴκοθεν
1621 237 1728 295 1090

281 310 472 380 λέσχας
495 305 734 379 πονηρὰς
757 308 849 362 καὶ
871 306 1242 377 κακοστόμους
1266 313 1430 378 φιλεῖ.

280 391 495 457 πάντως
519 393 584 447 δέ
602 389 657 462 μ’
688 390 1021 455 ἱκετεύοντες
1044 388 1183 462 ἥξετ’
1212 396 1286 457 εἰς
1312 399 1448 460 ἴσον,

284 485 338 532 εἴ
355 473 404 531 τ’
432 473 816 538 ἄνικετεύτως·
845 471 921 539 εἷς
945 477 1062 544 ε’μοι
1086 474 1188 546 γάρ
1215 472 1324 530 ἐστ’
1355 471 1506 546 ἆγῶν

281 562 526 632 μέγιστος
550 557 689 630 ὑμᾶς
717 561 946 624 ἐξαπαλλ
952 559 1070 625 αξαι
1097 565 1298 615 κακῶν.

282 642 354 708 ῶς
380 647 440 700 3v
463 641 515 715 γ’
544 639 806 699 ἆκούσασ’
836 651 971 713 ἴσθι,
996 643 1068 714 μὴ
1093 649 1312 709 ψευδῶς
1336 641 1392 715 μ’
1422 648 1596 715 ἐρεῖν·
1622 655 1734 697 1005

280 733 458 798 ψευδῆ
483 729 659 798 λέγων
685 727 745 782 δε
727 729 858 782 exal
883 727 1058 798 μάτην
1082 731 1423 800 ἐγκερτομῶν

281 811 537 881 θάνοιμι·
566 809 638 881 μὴ
663 809 889 881 θάνοιμι
915 808 1084 883 δ’,ἢν
1109 811 1265 868 σῶσω
1292 812 1479 882 κόρην.

96 902 204 950 ΚΛ.
272 890 428 953 ὄναιο
453 900 692 965 συνεχῶς
718 899 1122 966 δυστυχοῦντας
1146 892 1393 967 ῶφελῶν.

84 987 204 1034 ΑΧ.

92 1069 203 1117 ΚΛ.

92 1155 203 1201 ΑΧ.

93 1237 203 1285 ΚΛ.

92 1322 202 1369 ΑΧ.

91 1405 203 1452 ΚΛ.

83 1489 204 1536 ΑΧ.

95 2582 204 2631 ΑΧ.

277 975 448 1037 ἄκουε
474 977 544 1051 δή
569 1002 704 1049 νυν,
733 984 823 1035 ἵνα
847 978 904 1034 τὸ
930 977 1133 1052 πρᾶγμ’
1163 987 1254 1053 ἔχῃ
1282 986 1476 1045 καλῶς.

275 1068 336 1120 τί
350 1059 504 1119 τοῦτ’
532 1065 739 1130 ἔλεξας;
767 1059 839 1128 ῶς
866 1061 1163 1120 ἀκουστέον
1186 1067 1251 1137 γέ
1271 1084 1387 1121 σου.
1617 1076 1732 1122 1010

276 1153 562 1219 πείθωμεν
588 1140 790 1212 αὖθις
778 1151 981 1220 πατέρα
1004 1152 1220 1220 βέλτιον
1245 1162 1491 1220 φρονεῖν.

272 1230 442 1298 κακός
462 1237 544 1296 τίς
570 1234 680 1286 ἐστι
706 1235 797 1287 καὶ
821 1239 946 1287 λίαν
969 1240 1162 1304 ταρβεῖ
1181 1233 1428 1305 στρατόν.

272 1306 396 1373 ἀλλ’
424 1318 482 1372 οἰ
502 1314 656 1386 λόγοι
682 1339 743 1386 γε
766 1324 1231 1374 καταπαλαιουσιν
1254 1318 1466 1388 λόγους.

271 1398 458 1473 ψυχρα
479 1422 581 1471 μεν
603 1403 778 1465 ἐλπίς·
805 1398 836 1455 ὅ
858 1424 907 1455 τι
933 1401 993 1456 δε
1014 1401 1116 1472 χρή
1140 1424 1205 1472 με
1230 1406 1369 1474 δρᾶν
1394 1402 1622 1474 φράσον.

276 1479 479 1541 ἱκέτευ’
506 1487 718 1539 ἐκεῖνον
745 1490 931 1556 πρῶτα
954 1484 1026 1556 μὴ
1055 1492 1292 1541 κτείνειν
1318 1488 1506 1542 τέκνα·
1626 1502 1733 1547 1015

278 1562 349 1638 ἢν
373 1562 429 1623 δ’
456 1562 773 1639 ἀντιβαίνῃ,
800 1567 935 1638 πρὸς
959 1572 1055 1639 ἐμέ
1075 1588 1162 1625 σοι
1186 1573 1501 1641 πορευτέον.

279 1651 351 1713 [εἰ
363 1648 468 1718 γὰρ
489 1648 548 1702 τὸ
576 1654 770 1719 χρῇζον
792 1650 1011 1721 ἐπίθετ’,
1044 1650 1110 1708 οὐ
1135 1651 1339 1724 τούμὸν
1361 1654 1537 1727 χρεῶν

276 1747 501 1807 χωρεῖν·
529 1741 635 1805 ἔχει
660 1734 763 1806 γὰρ
789 1742 948 1792 τοῦτο
973 1735 1073 1808 τὴν
1103 1745 1392 1810 σωτηρίαν.

277 1815 428 1890 κᾶγῶ
453 1816 501 1873 τ’
532 1817 773 1890 ἀμείνων
796 1819 931 1894 πρὸς
956 1828 1120 1892 φίλον
1145 1823 1457 1895 γενήσομαι,

278 1902 508 1974 στρατός
534 1901 581 1958 τ’
614 1900 682 1959 ἂν
705 1901 772 1959 οὐ
797 1904 1067 1976 μέμψαιτό
1089 1903 1168 1977 μ’,
1199 1914 1248 1963 εἰ
1268 1905 1332 1962 τὰ
1358 1907 1645 1979 πράγματα

277 1990 670 2058 λελογισμένως
694 1988 986 2061 πράσσοιμι
1010 1997 1217 2061 μᾶλλον
1249 1988 1282 2063 ἢ
1305 1994 1510 2048 σθένει.
1619 2007 1733 2052 1021

278 2078 455 2135 καλῶς
492 2077 551 2128 δὲ
586 2075 944 2145 κρανθέντων
967 2073 1103 2146 πρὸς
1126 2073 1332 2147 ἡδονὴν
1360 2082 1540 2146 φίλοις

279 2161 371 2211 σοί
390 2152 437 2210 τ’
467 2179 535 2211 αν
558 2159 768 2228 γένοιτο
793 2179 897 2213 καν
922 2162 1054 2230 ἐμοῦ
1076 2162 1240 2231 χωρὶς
1262 2160 1406 2216 ταδε.
1413 2167 1429 2228 ]

273 2236 345 2304 ῶς
369 2237 614 2344 σώφρον’
646 2241 813 2305 εἶπας.
850 2245 1113 2314 δραστέον
1137 2242 1188 2299 δ’
1217 2242 1252 2300 ἅ
1274 2263 1358 2300 σοι
1385 2250 1549 2302 δοκεῖ.

276 2320 346 2395 ἢν
371 2323 423 2380 δ’
443 2329 515 2380 αὑ
539 2346 590 2377 τι
619 2324 691 2398 μὴ
717 2346 1041 2398 πρασσωμεν
1062 2350 1142 2384 ων
1165 2328 1269 2400 ἐγώ
1296 2331 1463 2398 θέλω,
1617 2343 1733 2388 1025

277 2415 384 2464 ποῦ
410 2406 462 2465 σ’
491 2403 658 2473 αὖθις
683 2406 998 2482 ὄψόμεσθα;
1024 2424 1125 2467 ποῖ
1159 2437 1260 2485 χρη
1284 2411 1342 2484 μ’
1372 2411 1577 2471 ἀθλίαν

276 2495 552 2550 ἐλθοῦσαν
578 2490 763 2565 εὑρεῖν
787 2494 889 2566 σὴν
914 2492 1030 2568 χέρ’
1059 2499 1356 2568 ἐπίκουρον
1379 2505 1592 2565 κακῶν;

271 2574 422 2647 ἡμεῖς
448 2598 507 2634 σε
534 2578 773 2649 φύλακες
798 2581 864 2635 οὗ
889 2603 1067 2651 χρεων
1092 2581 1421 2653 φυλάξομεν,

278 2660 352 2731 μή
377 2667 457 2727 τίς
481 2660 532 2718 σ’
563 2668 620 2718 ἰὸ
624 2686 655 2735 η
679 2670 999 2734 στείχουσαν
1023 2668 1360 2737 ἐπτοημένην

273 2752 514 2801 Δαναῶν
541 2744 617 2802 δι’
646 2743 837 2817 ὄχλου·
866 2748 1004 2820 μηδὲ
1028 2757 1282 2825 πατρῷον
1307 2750 1475 2821 δόμον
1618 2763 1727 2807 1030
