2018 3117
818 78 1047 129 ΡΗΣΟΣ
1646 54 1747 108 325

295 231 517 295 ἐπειδὰν
542 230 759 300 ἐχθρῶν
783 217 936 293 τήνδ’
972 214 1274 283 ἐλευθέραν
1297 205 1459 263 πόλιν

293 327 485 391 θῶμεν
510 317 697 370 θεοῖσί
717 306 769 364 τ’
805 296 1085 377 ἀκροθίνι’
1117 298 1331 366 ἐξέλῃς,Ι
1671 295 1754 339 470

295 406 396 474 ξὺν
424 402 512 458 σοὶ
534 392 855 470 στρατεύειν
877 394 982 460 γῆν
1007 380 1088 440 ἐπ’
1116 380 1379 450 Ἀργείων
1402 373 1550 428 θέλω

295 491 388 547 καὶ
412 492 592 544 πᾶσαν
617 476 800 536 ε’λθών
820 467 1033 529 Ἑλλάδ’
1061 467 1319 536 ἐκπέρσαι
1344 462 1485 530 δορί,

108 633 111 635 .
303 573 374 639 ὡς
399 568 468 627 ἂν
492 567 746 640 μάθωσιν
773 563 831 615 έν
857 558 1008 629 μέρει
1033 551 1260 621 πάσχειν
1282 548 1477 606 κακῶς.

116 669 227 718 ΕΚ.
305 665 354 716 εἰ
375 662 474 713 τοῦ
503 649 774 723 παρόντος
797 637 951 698 τοῦδ’
983 632 1351 704 ἀπαλλαχθεὶς
1376 629 1551 682 κακοῦ

308 742 470 799 πόλιν
494 739 761 807 νεμοίμην
786 725 857 792 ὡς
888 723 946 780 τὸ
973 726 1105 794 πρίν
1134 714 1254 773 ποτ’
1288 712 1523 783 ἀσφαλῆ,
1683 717 1764 762 475

306 822 340 900 ἦ
366 825 535 896 κάρτα
560 815 768 886 πολλὴν
797 821 950 874 θεοῖς
975 804 1043 863 ἂν
1069 807 1275 872 εἰδείην
1299 797 1473 869 χάριν.

307 910 371 969 τὰ
402 905 457 964 δ’
490 904 637 977 άμφί
659 898 709 957 τ’
727 897 928 969 ’Ἄργος
953 892 1045 948 καὶ
1067 885 1238 959 νομὸν
1261 882 1357 939 τὸν
1385 876 1637 940 Ἑλλάδος

310 993 410 1065 οὐχ
438 984 547 1047 ὦδε
575 994 812 1059 πορθεῖν
837 973 1007 1054 ῥᾴδι’,
1035 971 1107 1038 ὥς
1130 973 1335 1042 λέγεις,
1363 967 1502 1035 δορί.

128 1091 237 1140 ΡΗ.
312 1077 378 1138 οὐ
405 1070 594 1133 τούσδ’
621 1070 843 1139 ἀριστῆς
887 1079 1055 1133 φασιν
1071 1054 1346 1126 Ἑλλήνων
1375 1054 1594 1121 μολεῖν;

130 1175 241 1236 ΕΚ.
314 1161 416 1222 κού
442 1151 808 1233 μεμφόμεσθά
839 1146 915 1220 γ’,
942 1141 1060 1201 ἀλλ’
1092 1140 1232 1211 ἅδην
1257 1134 1570 1204 ἐλαύνομαι.
1692 1138 1776 1182 480

131 1260 244 1308 ΡΗ.
320 1248 531 1307 οὔκουν
554 1237 845 1299 κτανόντες
870 1230 1065 1288 τούσδε
1090 1232 1199 1282 πᾶν
1227 1221 1591 1294 εἰργάσμεθα;
1636 1275 1640 1280 ,

133 1345 247 1394 ΕΚ.
324 1333 397 1405 μή
422 1353 530 1387 νυν
556 1325 620 1383 τὰ
645 1323 831 1394 πόρρω
856 1314 1139 1388 τάγγύθεν
1165 1308 1355 1381 μεθεὶς
1379 1300 1587 1358 σκόπει.

133 1428 247 1478 PH.
320 1416 510 1489 ἀρκεῖν
537 1411 682 1468 ἔοικέ
703 1425 788 1462 σοι
817 1410 1049 1468 παθεῖν,
1082 1400 1279 1467 δρᾶσαι
1304 1389 1364 1445 δὲ
1394 1386 1482 1458 μή.

135 1513 249 1562 ΕΚ.
326 1504 526 1569 πολλῆς
555 1494 658 1567 γὰρ
684 1490 830 1561 ἄρχω
862 1479 1100 1542 κάνθάδ’
1132 1476 1209 1534 οόν
1234 1474 1580 1547 τυραννίδος.

327 1582 446 1641 ἀλλ’
482 1591 588 1638 εἴτε
615 1574 772 1633 λαιὸν
799 1582 905 1628 εἴτε
934 1566 1113 1634 δεξιὸν
1139 1565 1316 1633 κέρας,
1705 1558 1787 1602 485

331 1666 432 1726 εἴτ’
464 1670 522 1723 ἐν
547 1667 758 1737 μέσοισι
782 1654 1110 1728 συμμάχοις,
1138 1647 1369 1719 πάρεστί
1392 1658 1477 1695 σοι

334 1756 535 1823 πέλτην
560 1753 763 1822 ἐρεῖσαι
788 1743 879 1798 καὶ
902 1740 1232 1805 καταστῆσαι
1257 1723 1505 1801 στρατόν.

152 1849 258 1899 ΡΗ.
338 1838 501 1911 μόνος
525 1837 795 1906 μάχεσθαι
819 1829 1123 1895 πολεμίοις,
1145 1815 1342 1885 ’Έκτορ
1358 1855 1372 1882 ,
1396 1810 1562 1865 θέλω.

340 1929 389 1979 εί
415 1919 465 1977 δ’
496 1914 721 1989 αἰσχρὸν
745 1911 870 1984 ἡγεῖ
892 1908 964 1981 μὴ
990 1906 1370 1974 συνεμπρῆσαι
1394 1898 1538 1950 νεῶν

340 2005 618 2078 πρύμνας,
644 1998 883 2069 πονήσας
908 1993 1004 2048 τὸν
1029 1988 1199 2061 πάρος
1226 1979 1403 2040 πολὺν
1427 1974 1646 2050 χρόνον,
1715 1981 1802 2025 490

343 2092 503 2158 τάξον
527 2084 583 2159 μ’
607 2083 891 2155 Ἀχιλλέως
913 2079 1005 2133 καὶ
1029 2076 1260 2146 στρατοῦ
1287 2062 1422 2123 κατὰ
1446 2059 1632 2130 στόμα.

153 2186 267 2235 ΕΚ.
338 2174 439 2232 οὐκ
474 2169 581 2229 ἔστ’
616 2174 808 2242 ἐκείνω
833 2169 1047 2234 θοῦρον
1076 2161 1307 2224 ἀντᾶραι
1333 2151 1488 2217 δόρυ.

113 2319 116 2322 ,
162 2270 269 2320 ΡΗ.
342 2262 435 2316 καὶ
459 2256 567 2329 μὴν
594 2254 752 2326 λόγος
778 2247 829 2323 γ’
864 2240 935 2321 ἧν
962 2242 1033 2310 ὡς
1057 2235 1282 2299 ἕπλευσ’
1314 2232 1397 2291 ἐπ’
1425 2230 1612 2287 Ἴλιον.

159 2354 272 2404 ΕΚ.
346 2350 576 2401 ἔπλευσε
601 2341 692 2396 καὶ
716 2336 1005 2408 πάρεστιν·
1035 2326 1171 2384 ἀλλὰ
1196 2327 1409 2394 μηνίων

348 2425 799 2500 στρατηλάταισιν
823 2416 890 2474 οὐ
916 2418 1236 2484 συναίρεται
1262 2404 1416 2476 δόρυ.
1726 2400 1809 2445 495

167 2523 276 2572 PH.
352 2518 433 2576 τίς
458 2509 526 2582 δὴ
551 2504 669 2581 μετ’
699 2502 871 2562 αὐτὸν
897 2497 1058 2562 ἄλλος
1087 2492 1302 2557 εὐδοξεῖ
1324 2486 1590 2559 στρατοῦ;

163 2607 280 2656 ΕΚ.
352 2604 492 2659 Αἴας
517 2595 634 2664 ἐμοὶ
656 2591 757 2663 μὲν
782 2583 950 2644 οὐδὲν
974 2580 1249 2652 ἡσσᾶσθαι
1275 2579 1431 2630 δοκεῖ

354 2677 430 2751 χώ
465 2678 684 2740 Τυδέως
711 2685 862 2736 παῖς·
891 2675 1004 2725 ἔστι
1034 2662 1089 2721 δ’
1117 2657 1496 2733 αἱμυλώτατον

355 2758 582 2836 κρότημ’
613 2753 939 2822 Ὀδυσσεύς,
969 2748 1112 2820 λῆμά
1137 2743 1186 2802 τ’
1218 2740 1535 2816 ἀρκούντως
1558 2726 1774 2805 θρασὺς

359 2849 450 2905 καὶ
475 2853 699 2901 πλεῖστα
720 2839 906 2913 χώραν
934 2831 1090 2906 τήνδ’
1120 2829 1258 2902 ἀνὴρ
1287 2825 1649 2895 καθυβρίσας.
1737 2824 1824 2865 500
