2018 3117
800 105 1091 151 ΜΗΔΕΙΑ

110 248 243 298 MH.
295 240 549 314 ἤγγειλας
574 238 644 298 οἷ’
674 239 954 314 ἤγγειλας·
982 240 1049 298 οὐ
1074 243 1134 299 σὲ
1156 243 1452 315 μέμφομαι.

107 333 259 382 ΠΑΙ.
296 333 353 382 τί
385 327 450 396 δὴ
487 340 749 400 κατηφεῖς
774 325 918 399 ὄμμα
942 328 1033 382 καὶ
1058 332 1446 401 δακρυρροεῐς;

110 418 244 467 ΜΗ
292 410 466 482 πολλή
490 408 546 482 μ’
577 411 816 483 ανάγκη,
844 413 1082 482 πρέσβυ·
1109 418 1280 467 ταῦτα
1303 411 1407 484 γὰρ
1433 415 1559 469 θεοὶ

296 493 446 567 κάγὼ
477 502 658 560 κακῶς
684 492 960 577 φρονοῦσ’
988 497 1424 569 ἐμηχανησάμην.

110 585 257 635 ΠΑΙ.
296 577 520 652 θάρσει·
548 582 698 636 κάτει
726 603 806 636 τοι
832 581 922 635 καὶ
947 581 1018 635 σὺ
1042 579 1178 652 πρὸς
1202 583 1411 638 τέκνων
1437 588 1530 639 ἔτι.

108 670 241 719 ΜΗ.
291 662 490 730 ἀλλους
516 643 726 731 κάτῖξω
752 663 1002 735 πρόσθεν
1026 661 1058 735 ἡ
1084 663 1296 721 τάλαιν’
1327 666 1449 737 ἐγώ.

110 755 258 803 ΠΑΙ.
299 747 453 804 οὗτοι
478 750 618 854 μόνη
643 747 713 804 σύ
740 755 855 804 σῶν
879 746 1149 820 ἀπεζύγης
1175 752 1401 806 τέκνων.

293 833 517 905 κούφως
542 836 735 905 φέρειν
757 832 859 905 χρὴ
884 832 1096 905 θνητὸν
1122 831 1253 890 ὄντα
1277 836 1579 908 συμφοράς.

110 924 242 973 ΜΗ.
294 918 478 989 δράσω
503 916 645 973 τάδ’.
672 915 808 973 ἀλλὰ
832 925 990 989 βαῖνε
1016 919 1284 989 δωμάτων
1310 926 1413 975 έσω

295 1004 386 1058 καὶ
410 1004 565 1058 παισὶ
587 1001 823 1085 ng'ggyp'
853 998 940 1058 οἷα
963 1003 1064 1075 χρὴ
1090 1001 1222 1059 καθ’
1254 1001 1476 1075 ἡμέραν.

296 1089 336 1142 ὠ
363 1088 525 1143 τέκνα
550 1090 712 1143 τέκνα
731 1093 933 1162 ,σφῷν
955 1088 1056 1159 μὲν
1083 1094 1193 1145 ἔστι
1222 1088 1289 1194 δη
1315 1089 1469 1153 πόλις

294 1173 386 1226 και
410 1169 550 1243 δῶμ’
557 1175 658 1243 ,ἐν
684 1196 725 1227 ω
751 1172 1005 1237 λιπόντες
1029 1170 1233 1229 ἀθλίαν
1260 1174 1351 1245 ἐμε

295 1254 530 1327 οίκήσετ’
567 1254 652 1312 ἀεὶ
678 1256 880 1328 μητρὸς
906 1260 1276 1329 ἐστερημένοι

295 1339 400 1412 ε’γώ
426 1339 479 1396 δ’
510 1345 561 1406 ἐς
587 1339 759 1413 ἀλλην
783 1355 946 1413 γαῖαν
972 1341 1079 1413 εἶμι
1107 1341 1174 1413 δὴ
1202 1326 1400 1414 φυγάς,

295 1427 426 1498 πριν
450 1432 610 1500 σφῷν
636 1424 873 1500 όνασθαι
899 1424 1154 1482 κάπιδειν
1182 1424 1531 1498 εὐδαίμονας,

295 1511 428 1610 πριν
453 1512 649 1580 λέκτρα
672 1513 764 1566 καὶ
791 1525 1027 1582 γυναικα
1051 1514 1143 1567 καὶ
1167 1518 1468 1583 γαμηλίους

297 1591 462 1658 εὐνὰς
487 1592 685 1693 ἀγηναι
712 1596 998 1666 λαμπάδας
1023 1593 1073 1651 τ’
1104 1593 1449 1667 ἀνασχεθεϊν.

299 1681 339 1733 ὦ
364 1679 700 1735 δυστάλαινα
726 1686 819 1752 τῆς
834 1682 971 1785 ἐμης
996 1678 1288 1746 αὐθαδίας.

295 1761 516 1829 αλλως’
496 1762 584 1867 ἀρ’
615 1761 780 1836 ὑμᾶς,
810 1766 851 1819 τό
878 1763 1024 1821 τέκν’
1033 1765 1472 1838 ,ἐξεθρεψάμην,

296 1845 473 1913 αλλως
500 1847 557 1905 δ’
590 1850 868 1921 ἐμόχθουν
894 1852 986 1905 καὶ
1011 1850 1357 1933 κατεξάνθην
1382 1851 1586 1919 πόνοις,

296 1931 523 2006 στερρὰς
549 1931 834 2006 ἐνεγκοῦσ’
865 1936 923 1990 ἐν
948 1934 1127 2000 τόκοις
1153 1914 1476 2008 ἀλγηδόνας.

297 2018 327 2088 ἡ
353 2016 461 2089 μήν
485 2017 620 2074 ποθ’
651 2017 682 2091 ἡ
709 2019 977 2090 δύστηνος
1002 2019 1148 2090 εἶχον
1172 2024 1394 2086 ἐλπίδας

294 2101 497 2168 πολλας
524 2106 583 2159 ἐν
608 2100 740 2176 ὑμῖν
764 2105 1197 2177 γηροβοσκήσειν
1223 2103 1275 2160 τ’
1307 2106 1399 2177 ἐμε

295 2189 387 2242 καὶ
410 2195 802 2244 κατθανοῦσαν
824 2191 1012 2261 χερσὶν
1038 2192 1101 2246 εὐ
1126 2197 1485 2262 περιστελεῖν,

295 2272 535 2342 ζηλωτὸν
559 2271 933 2347 ἀνθρώποισι·
975 2281 1083 2330 νῦν
1108 2273 1159 2331 δ’
1199 2273 1371 2332 ολωλε
1397 2272 1464 2346 δὴ

297 2362 523 2427 γλυκεῖα
549 2366 792 2431 φροντίς.
819 2365 980 2434 σφῷν
1003 2359 1107 2432 γὰρ
1133 2361 1462 2431 ἐστερημένη

295 2441 510 2511 λυπρὸν
535 2443 700 2510 διάξω
727 2450 918 2515 βίοτον
942 2441 1199 2515 ἀλγεινόν
1224 2442 1273 2499 τ’
1302 2447 1436 2515 ἐμοί.

294 2521 449 2595 ὑμεῖς
474 2527 535 2583 δὲ
557 2526 745 2601 μητέρ’
774 2525 946 2584 οὐκέτ’
974 2525 1212 2599 ὄμμασιν
1239 2534 1422 2600 φίλοις

297 2606 517 2681 ὄψεσθ’,
545 2616 598 2677 ἐς
625 2611 755 2669 ἄλλο
780 2610 939 2684 σχῆμ’
968 2610 1302 2678 ἀποστάντες
1324 2619 1469 2685 βίου.

1661 103 1756 155 227

1656 598 1762 639 1015

1655 1020 1763 1062 1020

1653 1442 1758 1483 1025

1652 1863 1759 1907 1030

1652 2288 1757 2330 1035

299 2700 407 2765 φεῦ
420 2701 530 2765 φεῦ
546 2715 556 2725 ·
583 2703 641 2752 τί
658 2699 1072 2769 προσδέρκεσθέ
1091 2695 1140 2769 μ’
1169 2695 1598 2769 ὅμμασιν,τέκνα
1614 2721 1628 2763 ;
1647 2710 1754 2752 1040

296 2785 353 2835 τί
380 2787 714 2850 προσγελᾶτε
738 2781 836 2837 τὸν
861 2781 1209 2856 πανζξστᾳτον
1234 2785 1438 2854 γέλων;

296 2869 436 2920 αιάἴ·
465 2871 521 2919 τί
540 2865 751 2937 δράσι-ιη
778 2871 977 2938 καρδία
1001 2864 1103 2938 γὰρ
1129 2875 1347 2938 οἴχεται,

1332 2946 1434 2997 15*
