2018 3117
218 73 325 126 264

897 78 1215 124 ΟΡΕΣΤΗΣ

414 217 674 289 ἐρήσομαι
700 220 786 287 δέ,
815 224 1134 288 Μενέλεως,
1160 221 1389 274 τοσόνδε
1418 239 1505 275 σε·

417 307 467 357 ει
487 297 644 356 τόνδ’
674 296 1054 356 ἀποκτείνειεν
1079 298 1409 375 ὁμόλεκτρος
1435 305 1598 377 γυνή,

410 384 486 458 χώ
513 390 678 441 τοῦδε
704 397 830 450 παῖς
855 378 927 440 αὖ
951 382 1139 458 μητέρ’
1168 383 1575 460 ἀνταποκτενεῖ,

414 468 644 526 κᾶπειθ’
677 467 704 525 ὁ
733 475 926 526 κείνου
951 469 1250 542 γενόμενος
1276 471 1433 546 φόνω
1460 473 1639 544 φόνον

415 555 596 626 λύσει,
623 557 791 627 πέρας
817 553 884 626 δὴ
910 569 1006 612 ποῖ
1025 561 1213 611 κακῶν
1238 557 1570 628 προβήσεται
1586 585 1599 626 ;

416 646 596 704 καλῶς
622 645 817 695 ἔθεντο
843 647 1014 696 ταῦτα
1038 644 1267 712 πατέρες
1293 646 1350 697 οἱ
1367 642 1559 699 πάλαι·

414 731 491 790 εἰς
516 722 775 796 ὀμμάτων
799 725 900 796 μὲν
925 724 1058 793 ὄψιν
1083 723 1185 782 οὐκ
1211 736 1341 783 εἴων
1366 735 1541 800 περᾶν

415 807 538 867 οὐδ’
570 816 646 874 εἰς
669 807 965 882 ἀπάντημ’,
994 809 1141 877 ὅστις
1167 808 1281 884 αἷμ’
1313 818 1453 884 ἔχων
1477 827 1653 886 κυρεῖ,

416 909 648 968 φυγαῖσι
673 892 726 951 δ’
756 892 979 967 ὁσιοῦν,
1006 893 1459 954 ἀνταποκτείνειν
1483 899 1543 954 δὲ
1567 899 1656 971 μή.

412 979 499 1037 ἀεὶ
523 979 627 1052 γάρ
656 976 731 1046 εἷς
757 980 934 1052 ἔμελλ’
964 980 1250 1043 ἐνέξεσθαι
1277 982 1451 1053 φόνῳ,

411 1065 469 1122 τὸ
497 1072 754 1122 λοίσθιον
777 1073 987 1137 μίασμα
1012 1067 1310 1138 λαμβάνων
1333 1082 1535 1140 χεροῖν.

415 1150 520 1223 ἐγω
554 1151 615 1206 δὲ
637 1157 778 1222 μισῶ
805 1152 905 1222 μὲν
924 1164 1190 1222 γυναῖκας
1215 1149 1490 1223 ἀνοσίους,

416 1235 639 1307 πρώτην
667 1235 727 1291 δὲ
752 1233 1041 1308 θυγατέρ’,
1069 1232 1103 1308 ἣ
1127 1236 1292 1292 πόσιν
1315 1240 1672 1295 κατέκτανεν·

408 1319 634 1392 Ἑλένην
659 1344 716 1376 τε
741 1319 846 1391 τὴν
871 1320 976 1392 σὴν
1000 1319 1201 1392 ἄλοχον
1226 1318 1421 1378 οὔποτ’
1451 1327 1652 1380 αἰνέσω

416 1404 540 1462 οὐδ’
572 1403 640 1462 ἂν
665 1404 1020 1478 προσείποιμ’
1039 1425 1049 1435 ·
1079 1404 1213 1462 οὐδὲ
1236 1407 1296 1462 σὲ
1321 1414 1489 1479 ζηλῶ,
1517 1416 1686 1482 κακῆς

414 1490 679 1564 γυναικὸς
707 1489 940 1548 ἐλθόνθ’
980 1493 1147 1546 εἵνεκ’
1189 1496 1262 1555 εἰς
1283 1499 1480 1564 Τροιάς
1508 1498 1694 1551 πέδον.

417 1575 612 1649 ἀμυνῶ
639 1573 694 1632 δ’
723 1573 965 1649 ὅσονπερ
994 1577 1231 1642 δυνατός
1259 1583 1367 1649 εἰμι
1392 1585 1466 1654 τῷ
1492 1580 1662 1655 νόμῳ,

416 1661 475 1718 τὸ
501 1665 781 1762 θηριῶδες
806 1668 967 1718 τοῦτο
994 1664 1086 1717 καὶ
1111 1663 1411 1734 μιαιφόνον

421 1748 645 1817 παύων,
674 1743 704 1802 ὃ
728 1770 820 1802 και
845 1753 950 1840 γῆν
975 1749 1067 1803 καὶ
1092 1747 1279 1813 πόλεις
1304 1745 1497 1804 όλλυσ’
1529 1748 1631 1806 ἀεί.

417 1835 534 1889 ἐπει
559 1830 665 1888 τίν’
697 1831 862 1903 εἶχες,
892 1834 934 1888 ω
959 1832 1150 1903 τάλας,
1177 1832 1362 1904 ψυχὴν
1388 1834 1508 1891 τότε

419 1914 501 1973 οτ’
532 1920 816 1989 ἐξέβαλλε
811 1917 1017 1974 ιιαστόν
1043 1918 1368 1974 ικετεύουσά
1392 1937 1454 1975 σε

417 2002 621 2074 μήτηρ;
648 2001 752 2073 ἐγω
780 2003 880 2074 μὲν
904 2001 1006 2059 οὐκ
1034 2002 1171 2059 ι’δων
1195 2001 1352 2060 τάκεῖ
1370 2005 1527 2077 κακά,

424 2087 686 2156 δακρύοις
713 2085 930 2159 γέροντ’
960 2086 1259 2160 ὀφθαλμὸν
1284 2091 1491 2162 ἐκτήκω
1516 2091 1695 2156 τάλας.

424 2169 485 2228 ἓν
510 2175 560 2227 δ’
591 2170 694 2228 οὖν
721 2178 935 2243 λόγοισι
961 2187 1072 2239 τοῖς
1100 2179 1247 2245 ἐμοῖς
1274 2177 1596 2247 ὁμορροθεῖ·

417 2269 569 2329 μισεῖ
588 2279 650 2328 γε
675 2253 811 2327 πρὸς
835 2262 988 2312 θεων
1011 2257 1104 2312 καὶ
1127 2262 1294 2322 τίνεις
1317 2257 1518 2331 μητρὸς
1545 2263 1717 2332 δίκας,

419 2347 639 2414 μανίαις
667 2338 913 2397 ἀλαίνων
937 2343 1029 2396 καὶ
1061 2341 1271 2413 φόβοις.
1309 2366 1359 2397 τι
1384 2344 1682 2417 μαρτύρων

419 2425 603 2483 ἀλλων
630 2424 856 2482 ἀκούειν
881 2430 970 2482 δεῖ
989 2423 1068 2498 μ’,
1095 2423 1129 2481 ἅ
1153 2422 1206 2498 γ’
1243 2432 1464 2499 εἰσορᾶν
1489 2429 1665 2501 πείρας

423 2535 496 2577 ως
523 2513 626 2567 οὐν
650 2508 718 2567 ἂν
745 2516 893 2585 ειδῆς
908 2555 923 2582 ,
949 2513 1275 2582 Μενέλεως,
1302 2526 1478 2569 τοῖσιν
1502 2523 1656 2580 θεοῖς

420 2595 494 2669 μὴ
524 2594 723 2668 πρᾶσσ’
754 2593 980 2668 ἐναντί’,
1010 2594 1248 2669 ὠφελεῖν
1270 2603 1468 2654 τοῦτον
1493 2602 1700 2671 θέλων,

412 2686 474 2736 ἔα
500 2684 551 2735 δ’
582 2685 678 2738 ὑπ’
706 2685 888 2739 ἀστῶν
915 2694 1404 2759 καταφονευθῆναι
1429 2691 1661 2759 πέτροις.

412 2858 436 2876 Ἄ
514 2861 523 2876 s
560 2860 570 2876 2
623 2869 635 2882 ,
1013 2867 1024 2880 ι
1333 2868 1346 2881 r

409 2881 437 2919 η
469 2882 530 2921 μη
577 2869 768 2924 πιβαινε
805 2872 1157 2926 Σπαρτιατιδος
1189 2874 1383 2928 χθονος.

1801 492 1885 532 510

1804 913 1887 955 515

1805 1339 1889 1383 520

1806 1764 1888 1807 525

1806 2191 1889 2234 530

1806 2615 1887 2658 535

1798 2879 1878 2918 537
