2018 3117
66 254 182 303 AX.

63 423 181 470 AX.

62 591 180 640 AX.

62 759 180 808 AX.

62 929 180 983 AX.

61 1097 179 1147 AX.

63 1266 178 1315 AX.

457 107 834 154 ΙΦΙΓΕΝΕΙΑ
870 109 925 153 Η
957 110 1056 155 ΕΝ
1089 110 1342 155 ΑΥΛΙΔΙ
1657 108 1729 161 49

250 253 439 319 μυρίοι
464 244 518 318 γ’
541 265 550 276 “
581 244 694 313 ἄξει
720 244 773 302 δ’
797 244 1112 314 Ὀδυσσεύς.
1139 255 1257 305 ΚΛ.
1286 242 1376 323 ἆρ’
1410 250 1436 307 ὁ
1462 253 1726 324 Σισύφου

816 331 1006 403 γόνος;

251 411 418 480 αὐτὸς
444 408 618 480 οὗτος.
656 422 774 470 KA.
816 421 931 471 ἴδια
965 417 1252 490 πράσσων,
1289 419 1324 491 ἦ
1359 428 1593 493 στρατοῦ
1629 446 1728 477 τα-

812 503 969 570 χθεὶς
993 499 1132 569 ὕπος

251 585 496 656 αἱρεθεὶς
542 584 698 640 ἑκών.
747 590 868 640 ΚΛ.
919 587 1166 658 πονηράν
1201 587 1255 660 γ’
1297 595 1538 661 αἵρεσιν,
1575 615 1722 662 μιαι-

818 684 1032 741 φονεῑν.

253 750 374 809 ἀλλ’
415 752 519 825 ε’γῶ
557 754 736 825 σχήσω
772 778 881 810 νιν.
932 761 1048 810 ΚΛ.
1098 753 1211 822 ἄξει
1251 755 1308 812 δ’
1351 756 1451 829 οὐχ
1488 761 1727 816 ἑκοῦσαν

815 836 1089 911 ἁρπάσαςς
1608 857 1724 901 1365

253 920 463 994 δηλαδὴ
489 925 696 993 ξανθῆς
724 926 961 993 ἐθείρας,
989 931 1106 979 ΚΛ.
1139 926 1233 996 ἐμὲ
1259 927 1319 982 δὲ
1355 933 1413 983 τί
1443 926 1545 1000 χρὴ
1585 933 1727 998 δρᾶν

812 1007 961 1074 τότε;

250 1089 478 1162 ἀντέχου
504 1092 801 1163 θυγατρός.
830 1099 947 1148 ΚΛ.
976 1090 1048 1157 ῶς
1073 1092 1231 1150 τοῦδ’
1270 1099 1442 1152 εἵνεκ’
1483 1094 1549 1151 οὐ
1577 1117 1728 1168 σφα-

812 1178 1050 1249 γήσεται.

251 1257 387 1316 ἀλλὰ
412 1259 522 1332 μὴν
548 1266 624 1325 εἰς
649 1262 812 1317 τοῦτό
838 1259 892 1333 γ’
920 1259 1051 1332 ἥξει.
1089 1270 1188 1318 ΙΦ.
1226 1269 1422 1336 μῆτερ,
1466 1266 1720 1322 εἰσακού-

813 1364 940 1402 606ῖὲ

251 1434 362 1483 τῶν
397 1432 543 1499 ἐμῶν
593 1431 773 1484 ἐπῶν·
825 1430 1000 1502 μάτην
1034 1432 1136 1503 γάρ
1174 1429 1226 1487 σ’
1270 1438 1463 1505 εἰσορῶ
1498 1443 1723 1506 θυμου-

813 1517 985 1586 μένην

249 1603 331 1672 σςὸ
357 1597 539 1653 πόσει·
567 1596 633 1653 τὰ
671 1596 722 1652 δ’
754 1596 999 1654 ἀδύναθ’
1040 1599 1173 1671 ἡμῖν
1197 1615 1485 1674 καρτερεῖν
1514 1601 1581 1659 οὐ
1619 1603 1721 1677 4592-

815 1688 954 1739 διον.
1610 1700 1722 1745 1370

249 1766 346 1822 τὸν
371 1766 471 1838 μὲν
496 1760 600 1823 οὖν
625 1770 782 1834 ξένον
807 1773 1024 1826 δίκαιον
1051 1773 1264 1826 αἰνέσαι
1290 1778 1608 1843 προθυμίας
1624 1791 1634 1801 ·

252 1849 389 1906 ἄλλα
412 1854 505 1907 καὶ
528 1852 587 1908 σε
604 1850 756 1908 τοῦθ’
772 1850 911 1925 ὁρᾶν
933 1853 1051 1925 χρή,
1069 1853 1140 1926 μὴ
1165 1860 1444 1930 διαβληθῇ
1487 1862 1720 1931 στρατῷ,

249 1937 342 1991 καὶ
380 1938 549 1991 πλέον
597 1938 887 2008 πράξωμεν
933 1936 1128 2010 οὐδέν,
1179 1937 1275 1995 ὅδε
1323 1941 1383 1996 δὲ
1431 1947 1721 2013 συμφορᾶς

812 2023 964 2095 τύχῃ.

249 2102 337 2161 οἷα
362 2110 395 2161 δ
404 2103 416 2123 '
449 2109 708 2178 εἰσῆλθέν
731 2105 800 2178 μ’,
827 2104 1085 2179 ἄκουσον,
1113 2115 1300 2182 μῆτερ,
1329 2113 1718 2183 ἐννοουμένην·

249 2199 551 2247 κατθανεῖν
575 2194 676 2262 μέν
699 2215 788 2262 μοι
817 2194 1096 2248 δέδοκται·
1126 2200 1286 2250 τοῦτο
1322 2192 1373 2250 δ’
1411 2193 1545 2251 αὐτὸ
1584 2196 1721 2267 βού-

809 2284 971 2347 λομαι
1608 2293 1718 2337 1375

250 2355 488 2425 εὐκλεῶς
513 2363 713 2432 πρᾶξαι
737 2363 970 2433 παρεῖσά
1005 2363 1056 2432 γ’
1071 2362 1324 2419 ἐκποδῶν
1349 2363 1408 2420 τὸ
1437 2367 1716 2437 δυσγενές.

250 2448 417 2517 δεῦρο
452 2443 519 2515 δὴ
567 2448 763 2511 σκέψαι
797 2444 927 2516 μεθ’
966 2444 1150 2518 ἡμῶν,
1190 2455 1386 2519 μῆτερ,
1425 2446 1496 2514 ῶς
1539 2454 1717 2512 καλῶς

809 2533 949 2602 λέγω
966 2551 976 2560 ·

251 2619 326 2676 εἰς
352 2611 436 2683 ἔμ’
459 2611 646 2679 Ἑλλὰς
670 2612 703 2686 ἡ
729 2622 956 2688 μεγίστη
984 2623 1130 2673 πᾶσα
1155 2624 1265 2673 νῦν
1292 2616 1606 2689 ἀποβλέπει,

248 2693 353 2751 κάν
393 2700 512 2768 ἐμοὶ
554 2699 805 2771 πορθμός
852 2724 910 2756 τε
942 2709 1095 2757 ναῶν
1130 2704 1222 2758 καὶ
1261 2708 1502 2773 Φρυγῶν
1546 2724 1713 2756 κατα-

811 2793 1036 2857 σκαφαί,

252 2863 344 2928 τοίς
368 2888 426 2919 τε
450 2867 752 2935 μελλούσας
766 2884 1034 2939 γυναῖκας
1057 2869 1126 2941 ἤν
1152 2894 1203 2925 τι
1228 2875 1399 2941 δρῶσι
1425 2869 1714 2943 βάρβαροι,

201 2959 347 2992 svam.
382 2963 484 2993 voL.
518 2951 572 2994 II.
1407 2949 1438 2994 4
