2018 3117
89 245 194 293 ΟΡ.

83 330 180 378 [Φ.

84 415 191 462 ΟΡ.

79 498 178 546 ΙΦ.

84 583 189 630 ΟΡ.

78 667 175 722 ΙΦ.

81 752 187 800 ΟΡ.

84 838 174 885 [Φ.

82 922 186 970 ΟΡ.

76 1007 110 1055 Ι
109 1007 174 1054 Φ.

80 1091 185 1139 ΟΡ.

79 1176 174 1224 [Φ.

79 1261 184 1309 ΟΡ.

74 1347 104 1394 1
109 1346 173 1394 Φ.

79 1431 185 1479 ΟΡ.

73 1515 171 1563 ΙΦ.

79 1600 184 1647 ΟΡ.

75 1682 172 1732 ῙΦ.

77 1769 182 1817 ΟΡ.

80 1854 171 1902 RD.

76 1939 182 1986 ΟΡ.

74 2024 171 2071 ΙΦ.

77 2108 182 2156 ΟΡ.

72 2193 170 2242 ΙΦ.

77 2277 182 2326 ΟΡ.

74 2362 169 2411 ΙΦ.

77 2447 182 2495 ΟΡ.

79 2532 171 2581 [Φ.

80 2616 183 2664 ΟΡ.

467 98 841 144 ΙΦΙΓΕΝΕΙΑ
877 98 933 143 Η
967 99 1061 144 ΕΝ
1100 98 1393 144 ΤΑΤΡΟΙΣ
1672 96 1739 149 79

273 236 459 310 ὀρθῶς
484 246 680 301 ποθεῖς
704 233 794 308 ἄρ’
828 238 1034 293 εἰδέναι
1058 233 1237 307 τάκεῐ,
1265 236 1446 309 γύναι.

271 328 329 377 τί
349 319 404 376 δ’
433 319 461 377 ὁ
488 321 815 392 στρατηγός,
843 317 910 376 δν
933 319 1156 392 λέγουσ’
1187 318 1569 392 εῦδαιμονεῑν;

268 412 378 473 τίς;
405 403 471 461 οῦ
497 405 602 477 γὰρ
629 403 694 462 ὅν
720 402 774 476 γ’
801 396 984 480 ἐγῷδα
1010 410 1122 461 τῶν
1149 403 1514 477 εὐδαιμόνων.

263 488 493 563 Ἀτρέως
518 493 731 561 ἐλέγετο
758 487 828 561 δή
851 513 930 553 τις
948 487 1304 561 Ἀγαμέμνων
1329 488 1478 558 ἄναξ.
1654 505 1736 549 545

267 572 369 631 οὐκ
396 573 500 630 οἶδ’
521 594 531 603 ·
569 572 779 630 ἄπελθε
804 582 901 631 τοῦ
926 574 1095 646 λόγου
1122 574 1346 645 τούτου,
1372 576 1555 647 γύναι.

264 659 337 731 μὴ
363 658 499 731 πρὸς
523 665 703 729 θεῶν,
730 656 851 714 ἄλλ’
883 656 1018 729 εἴφ’,
1046 656 1123 715 ἵν’
1152 657 1487 731 εὐφρανθῶ,
1514 662 1649 728 ξένε.

265 742 493 816 τέθνηχ’
520 742 547 800 ὁ
581 743 830 815 τλήμων,
858 743 995 817 πρὸς
1020 749 1053 799 δ
1061 742 1074 762 ’
1106 741 1390 800 άπῶλεσέν
1414 769 1553 801 τινα.

265 832 500 901 τέθνηκε
516 855 529 896 ;
559 835 689 902 ποία
714 834 1002 903 συμφορᾷς
1029 826 1243 884 τάλαιν’
1271 829 1393 899 ἐγώ.

264 920 322 969 τί
345 912 396 970 δ’
426 916 709 980 ἐστέναξας
733 920 923 981 τοῦτο;
950 920 1070 985 μῶν
1095 916 1342 985 προσῆκέ
1361 933 1477 982 σοις
1651 931 1737 973 550

264 997 360 1054 τὸν
385 996 553 1070 ὄλβον
578 995 750 1054 αὐτοῦ
775 998 872 1054 τὸν
895 996 1124 1070 πάροιθ’
1152 995 1450 1055 ἀναστένω.

263 1088 458 1149 δεινῶς
482 1082 585 1157 γάρ
614 1087 671 1139 ἐκ
697 1082 959 1155 γυναικὸς
985 1092 1187 1153 οἴχεται
1211 1091 1459 1154 σφαγείς.

265 1160 309 1224 ῶ
333 1169 715 1241 πανδάκρυτος
739 1166 770 1239 ἡ
795 1175 1073 1225 κτανοῦσα
1095 1165 1171 1239 χῶ
1198 1169 1408 1225 θανών.

266 1259 481 1309 παῦσαί
499 1277 606 1308 νυν
630 1250 735 1325 ἤδη
760 1251 890 1324 μηδ2
919 1254 1192 1327 ἐρωτήσῃς
1218 1256 1373 1325 πέρα.

265 1338 495 1394 τοσόνδε
519 1336 585 1410 γ’,
609 1347 660 1396 εί
679 1344 739 1410 ζῇ
765 1344 864 1393 τοῦ
888 1339 1239 1408 ταλαιπώρου
1266 1338 1463 1409 δάμαρ.
1648 1354 1731 1396 555

262 1420 364 1478 οὐκ
390 1429 528 1479 ἔστι·
556 1437 682 1487 παῖς
706 1447 797 1477 νιν
823 1420 887 1478 ὃν
914 1421 1074 1493 ἔτεχ’,
1103 1417 1263 1488 οὗτος
1289 1420 1511 1479 ῶλεσεν.

263 1500 307 1562 ῶ
332 1510 733 1578 συνταραχθεὶς
758 1507 922 1573 οἶκος.
949 1505 1020 1572 ῶς
1045 1514 1101 1563 τί
1122 1506 1188 1580 δὴ
1214 1510 1427 1575 θέλων;

262 1590 465 1663 πατρὸς
490 1592 764 1656 θανόντος
789 1588 921 1663 αἷμα
944 1592 1368 1664 τιμωρούμενος.

264 1673 336 1741 ῶς
361 1683 471 1747 φεῦ
497 1675 668 1733 κακὸν
694 1682 910 1732 δίκαιον
938 1678 1305 1748 εἰσεπράξατο.

261 1758 384 1817 ἀλλ’
413 1759 480 1818 οὐ
506 1761 570 1817 τά
594 1760 731 1835 πρὸς
755 1768 908 1817 θεῶν
935 1759 1158 1832 εὐτυχεῖ
1178 1767 1390 1826 δίκαιος
1415 1759 1509 1817 ῶν.
1648 1777 1732 1822 560

260 1852 438 1902 λείπει
463 1844 516 1902 δ’
545 1850 605 1903 ἐν
637 1855 808 1911 οἴκοις
833 1844 1004 1903 ἄλλον
1021 1845 1377 1918 ’Λγαμέμνων
1405 1846 1602 1918 γόνους

259 1933 512 1987 λέλοιπεν
532 1929 828 2004 Ἠλέκτραν
852 1955 915 2003 γε
933 1934 1220 2004 παρθένον
1243 1939 1390 2003 μίαν.

262 2022 320 2071 τί
337 2018 404 2072 δέ
413 2043 426 2087 3
454 2023 756 2089 σφαγείσης
780 2016 1062 2089 θυγατρὸς
1091 2023 1202 2073 ἔστι
1228 2040 1309 2082 τις
1332 2014 1521 2089 λόγος;

261 2098 448 2166 οὐδείς
471 2125 562 2172 γε,
590 2101 736 2174 πλὴν
760 2108 1052 2159 θανοῦσαν
1076 2099 1177 2173 οὐχ
1203 2100 1342 2172 ὁρᾶν
1368 2103 1522 2174 φάος.

259 2183 472 2243 τάλαιν’
501 2190 684 2258 ἐκείνη
707 2184 784 2258 χώ
811 2187 1028 2243 κτανών
1057 2185 1232 2258 αὐτὴν
1258 2188 1450 2259 πατήρ.
1644 2201 1728 2246 565

258 2278 428 2342 κακῆς
451 2271 717 2342 γυναικὸς
741 2272 903 2344 χάριν
928 2271 1125 2344 ἄχαριν
1153 2270 1418 2328 ἀπώλετο.

260 2353 288 2412 ὁ
313 2362 412 2412 τοῦ
440 2356 714 2422 θανόντος
740 2355 793 2413 δ’
823 2364 936 2413 ἔστι
959 2370 1085 2421 παῖς
1102 2356 1293 2429 ’Ἀργει
1317 2358 1549 2429 πατρός;

260 2438 393 2511 ἔστ’,
433 2438 629 2506 ἄθλιός
653 2465 741 2513 γε,
768 2439 1056 2513 κούδαμοῦ
1083 2444 1175 2496 καὶ
1199 2448 1495 2512 πανταχοῦ.

261 2531 485 2592 ψευδεῖς
511 2523 746 2598 ὄνειροι,
771 2524 979 2598 χαίρετ’
999 2545 1009 2554 ·
1037 2524 1205 2582 οὐδὲν
1229 2520 1314 2598 ἦτ’
1343 2524 1464 2595 ἄρα.

261 2608 385 2666 οὐδ’
414 2615 472 2666 oc
489 2618 661 2683 σοφοί
689 2635 752 2683 γε
787 2617 1043 2683 δαίμονες
1067 2612 1392 2683 κεκλημένοι
1643 2621 1730 2668 570

263 2701 485 2766 πτηνῶν
508 2692 744 2768 ὀνείρων
771 2699 909 2753 εἰσὶν
933 2693 1340 2769 ἀψευδέστεροι.

263 2778 436 2844 πολὺς
463 2779 736 2852 ταραγμὸς
762 2788 822 2837 ἔν
855 2805 912 2837 τε
936 2793 1048 2846 τοῖς
1072 2786 1250 2845 θείοις
1276 2786 1358 2836 ἔνι

266 2861 370 2918 κᾶν
394 2877 507 2929 τοῖς
526 2870 797 2933 βροτείοις
812 2886 823 2896 ·
853 2866 912 2923 ἓν
938 2866 998 2922 δὲ
1020 2872 1268 2919 λυπεῖται
1285 2864 1474 2930 μόνον,
