2018 3117
203 84 302 136 446

209 2101 322 2151 XO.

210 2525 333 2574 AN.
407 2516 474 2574 οὐ
499 2519 992 2591 προκαλυπτομένα
1022 2517 1398 2590 βοτρυχώδεος

837 86 1212 133 ΦΟΙΝΙΣΣΑΙ

397 225 537 282 ῶθεῑ
561 231 817 298 σίδηρον,
845 228 905 281 ἐν
930 225 990 281 δὲ
1017 238 1157 282 τοῖσι
1182 225 1459 296 φιλτάτοις

395 317 649 367 θανοῦσα
673 322 846 365 κεῖται
869 307 1230 382 περιβαλοῦσ’
1259 307 1466 382 ἀμφοῖν
1492 313 1668 385 χέρας.

397 394 560 468 άνῇξε
587 392 643 450 δ’
674 391 844 464 ὀρθὸς
868 393 997 459 λαὸς
1024 399 1099 459 εἰς
1129 400 1247 467 ἔριν
1272 394 1470 466 λόγων,

394 478 544 551 ἡμεῖς
566 479 667 551 μὲν
697 476 768 543 ῶς
792 485 1032 535 νικῶντα
1057 478 1330 551 δεσπότην
1354 479 1501 551 ἐμόν,

395 572 452 621 οἳ
478 562 532 621 δ’
563 562 635 630 ῶς
660 567 890 620 ἐκεῖνον.
917 565 987 636 ἠν
1013 561 1065 619 δ’
1096 570 1208 635 ἔρις
1232 565 1637 637 στρατηλάταις,

394 655 452 704 οἳ
474 650 574 721 μὲν
600 649 827 716 πατάξαι
850 649 1063 720 πρόσθε
1085 655 1440 721 Πολυνείκην
1471 654 1611 721 δορί,

395 740 453 789 οἳ
478 733 531 790 δ’
564 732 635 798 ῶς
659 733 955 789 θανόντων
985 731 1234 805 οὐδαμοῦ
1264 740 1391 806 νίκη
1417 736 1588 789 πέλοι.

1753 412 1859 457 1460

394 816 516 886 [κάν
541 816 671 894 τῶδ’
700 815 972 890 ὑπεξῆλθ’
996 816 1280 890 Ἀντιγόνη
1306 824 1543 892 στρατοῦ
1569 823 1729 891 δίχα]
1756 833 1864 877 1465

391 907 448 960 οἳ
468 902 520 959 δ’
552 910 627 969 είς
652 901 776 960 ὅπλ’
806 896 1000 976 ᾖσσον·
1029 896 1093 959 εὖ
1119 907 1183 959 δέ
1204 925 1318 969 πως
1341 909 1627 979 προμηθίᾳ

397 995 641 1060 καθῆστο
668 989 899 1060 Κάδμου
928 987 1056 1055 λαός
1085 986 1335 1044 ἀσπίδων
1360 995 1449 1044 ἔπι
1467 1008 1477 1018 ·

395 1071 693 1145 κᾶφθημεν
719 1070 873 1130 οὔπω
899 1072 1151 1144 τεύχεσιν
1177 1075 1568 1145 πεφραγμένον

389 1156 636 1232 Ἀργεῖον
665 1157 1007 1223 εἰσπεσόντες
1031 1161 1289 1229 ἐξαίφνης
1314 1157 1562 1229 στρατόν.

396 1241 617 1309 κούδεὶς
643 1240 849 1315 ὑπέστη
866 1287 879 1313 ‚
907 1247 1070 1299 πεδία
1095 1240 1147 1298 δ’
1180 1245 1584 1315 ἐξεπίμπλασαν

396 1328 724 1400 φεύγοντες,
752 1335 899 1401 ἔρρει
924 1325 978 1383 δ’
1008 1324 1139 1399 αἷμα
1163 1333 1379 1399 μυρίων
1399 1332 1616 1392 νεκρῶν

399 1413 618 1485 λόγχαις
642 1414 966 1470 πιτνόντων.
996 1411 1066 1479 ῶς
1093 1411 1144 1468 δ’
1179 1415 1447 1484 ἐνικῶμεν
1472 1411 1631 1484 μάχῃ,

394 1506 451 1556 οἳ
470 1499 570 1571 μὲν
594 1497 731 1564 Διὸς
760 1498 1025 1571 τρόπαιον
1051 1502 1277 1553 ἵστασαν
1302 1500 1515 1571 βρέτας,

396 1589 455 1640 οἳ
470 1582 523 1640 δ’
554 1583 788 1649 ἀσπίδας
812 1589 1090 1648 συλῶντες
1109 1581 1374 1654 Ἀργείων
1397 1588 1613 1656 νεκρῶν

397 1667 729 1741 σκυλεύματ’
760 1678 886 1725 εἴσω
912 1670 1135 1740 τειχέων
1160 1670 1486 1740 ἐπέμπομεν.

395 1752 551 1811 ἄλλοι
577 1755 637 1811 δὲ
661 1753 787 1820 τούς
810 1754 1088 1819 θανόντας
1116 1751 1429 1824 Ἀντιγόνης
1453 1753 1585 1823 μέτα

394 1838 628 1913 νεκροὺς
653 1842 923 1913 φέρουσιν
948 1836 1144 1895 ἐνθάδ’
1176 1844 1408 1894 οἰκτίσαι
1433 1843 1631 1908 φίλοις.

397 1925 552 1980 πόλει
582 1923 634 1981 δ’
669 1922 877 1996 ἀγῶνες
899 1931 957 1981 οἳ
980 1925 1080 1995 μὲν
1110 1920 1491 1994 εὐτυχέστατοι

395 2007 516 2082 τῇδ’
547 2012 834 2081 ἐξέβησαν,
861 2015 920 2065 οἳ
941 2010 1002 2065 δὲ
1028 2010 1468 2079 δυστυχέστατοι.

391 2092 493 2150 οὐκ
519 2100 593 2159 εἰς
619 2092 783 2159 ἀκοὰς
810 2101 888 2150 ἔτι
919 2099 1187 2164 δυστυχία

399 2178 646 2249 δώματος
671 2175 818 2251 ἥκει·
848 2178 993 2250 πάρα
1020 2178 1122 2249 γὰρ
1149 2177 1405 2233 λεύσσειν

396 2263 656 2335 πτῶματα
679 2268 894 2333 νεκρῶν
919 2269 1157 2336 τρισσῶν
1181 2259 1286 2334 ἤδη

396 2349 526 2405 τάδε
549 2347 685 2420 πρὸς
713 2348 1012 2420 μελάθροις
1042 2354 1209 2422 κοινῷ
1235 2345 1461 2421 θανάτῳ

401 2440 627 2490 σκοτίαν
657 2439 831 2489 αἰῶνα
861 2432 1158 2503 λαχόντων.

400 2600 543 2675 ἁβρὰ
567 2608 835 2675 παρηίδος
861 2600 984 2658 οὐδ’
1014 2599 1123 2658 ὑπὸ

401 2693 705 2754 παρθενίας
729 2690 825 2741 τὸν
853 2685 959 2741 ὑπὸ
982 2684 1281 2757 βλεφάροις

397 2779 424 2812 *
452 2770 664 2844 φοίνικ’
692 2771 947 2843 ἐρύθημα
972 2770 1288 2843 προσῶπου,

666 2873 776 2916 1485
790 2871 982 2915 -1497
1000 2887 1069 2909 Ξ
1091 2871 1399 2915 1570-1581

1759 1254 1867 1299 1470

1756 1679 1865 1723 1475

1759 2103 1869 2147 1480

1541 2532 1656 2588 στρ.
1685 2513 1734 2570 oc‘
1760 2526 1869 2570 1485
