2018 3117
114 457 222 506 XO.

114 610 223 675 TA.

120 1981 232 2031 KA.

779 52 1130 100 ΤΡΩΙΑΔΕΣ
1659 47 1762 98 359

296 189 375 253 ἦν
417 193 587 252 εἵνεκ’
620 191 687 250 οὐ
709 193 838 266 χρή,
866 198 1062 264 μῆτερ,
1092 195 1386 263 οἰκτείρειν
1410 209 1471 245 σε
1495 196 1617 262 γῆν,

294 279 361 337 οὗ
387 278 527 352 τάμὰ
551 281 748 351 λέκτρα
765 296 776 307 ·
803 276 932 343 τοὺς
955 276 1059 348 γὰρ
1086 278 1374 346 ἐχθίστους
1400 275 1518 346 ἐμοὶ

293 367 386 421 καὶ
410 367 496 421 σοὶ
519 364 738 436 γάμοισι
759 376 872 427 τοῖς
897 365 1045 432 ε’μοῖς
1070 365 1380 432 διαφθερῶ.
1678 373 1763 416 405

293 447 366 515 ῶς
389 447 564 521 ἡδέως
587 460 838 504 κακοῖσιν
862 452 1085 510 οἰκείοις
1108 451 1271 518 γελᾷς

297 537 518 606 μέλπεις
541 531 600 588 θ’
631 530 665 588 ἃ
688 528 955 603 μέλπουσ’
984 526 1051 585 οὐ
1077 536 1226 600 σαφῆ
1253 529 1448 594 δείξεις
1474 536 1620 594 ἴσως.

294 625 345 675 εί
365 619 438 690 μή
462 615 512 674 σ’
538 615 819 673 Ἀπόλλων
844 615 1234 686 ἐξεβάκχευσεν
1259 615 1481 685 φρένας,

296 706 366 760 οὔ
390 699 496 759 τᾶν
519 700 714 773 ἀμισθὶ
738 698 867 765 τοὺς
892 697 1056 770 ε’μοὺς
1080 696 1447 771 στρατηλάτας

296 792 539 844 τοιαῖσδε
564 786 770 857 φήμαις
794 786 1084 855 ἐξέπεμπες
1109 779 1177 838 ἂν
1200 782 1418 853 χθονός.
1682 794 1765 838 410

300 871 436 944 ἀτὰρ
461 871 527 927 τὰ
551 869 724 942 σεμνὰ
748 871 841 925 καὶ
866 868 1171 940 δοκήμασιν
1197 866 1346 939 σοφὰ

299 955 469 1013 οὐδέν
493 979 544 1012 τι
567 961 806 1026 κρείσσω
832 960 944 1009 τῶν
969 951 1028 1010 τὸ
1053 952 1227 1024 μηδὲν
1254 945 1323 1023 ἦν
1349 948 1471 1021 ἄρα.

297 1040 325 1099 ὁ
351 1040 455 1114 γὰρ
480 1042 729 1113 μέγιστος
753 1045 864 1094 τῶν
887 1037 1263 1109 Πανελλήνων
1288 1033 1437 1106 ἄναξ,

293 1124 521 1198 Ἀτρέως
546 1132 705 1196 φίλος
729 1137 882 1194 παῖς,
908 1121 1065 1194 τῆσδ’
1095 1119 1252 1195 ἔρωτ’
1283 1123 1557 1193 ἐξαίρετον

301 1211 565 1283 μαινάδος
590 1207 822 1280 ὑπέστη·
849 1210 940 1264 καὶ
965 1211 1131 1279 πένης
1156 1208 1257 1278 μέν
1283 1203 1388 1276 εἰμ’
1418 1208 1540 1276 ἐγώ,
1687 1216 1770 1259 415

298 1294 433 1368 ἀτὰρ
459 1297 612 1366 λέχος
635 1317 697 1365 γε
720 1291 876 1365 τῆσδ’
907 1289 974 1348 ἂν
998 1290 1101 1349 οὐκ
1127 1291 1452 1363 ἐκτησάμην.

298 1383 391 1437 καὶ
416 1382 504 1437 σοὶ
527 1382 657 1451 μέν,
689 1376 755 1435 οὐ
780 1377 884 1450 γὰρ
911 1375 1100 1450 ἀρτίας
1126 1383 1262 1447 ἔχεις
1288 1377 1512 1448 φρένας,

296 1462 499 1538 Ἀργεῖ’
527 1462 716 1535 ὀνείδη
741 1465 833 1518 καὶ
859 1468 1100 1535 Φρυγῶν
1128 1463 1432 1524 ἐπαινέσεις

300 1548 521 1621 ἀνέμοις
547 1551 819 1621 φέρεσθαι
845 1543 1191 1618 παραδίδωμ’
1211 1564 1222 1574 ·
1252 1548 1388 1601 ἔπου
1414 1544 1478 1599 δέ
1498 1565 1590 1614 μοι

300 1634 436 1707 πρὸς
459 1640 622 1705 ναῦς,
648 1632 820 1689 καλὸν
844 1632 1145 1704 νύμφευμα
1169 1636 1242 1705 τῷ
1268 1627 1622 1700 στρατηλάτῃ.
1683 1640 1771 1682 4ἳο

295 1719 365 1776 σύ
392 1717 467 1790 δ’,
494 1716 641 1791 ἡνίκ’
675 1716 744 1774 ἄν
770 1735 831 1773 σε
855 1722 1101 1790 Λαρτίου
1124 1716 1289 1788 χρῄζῃ
1314 1714 1472 1778 τόκος

302 1802 486 1876 ἄγειν,
515 1807 773 1860 ἕπεσθαι·
806 1802 1094 1874 σῶφρονος
1124 1805 1157 1856 δ
1165 1797 1177 1817 '
1209 1806 1319 1855 ἔσει
1343 1798 1527 1870 λάτρις

306 1888 599 1960 γυναικός,
628 1885 700 1952 ῶς
726 1884 860 1959 φασ’
891 1891 948 1941 οἱ
966 1885 1225 1958 μολόντες
1243 1882 1432 1940 Ἴλιον.

304 1966 339 2045 ἦ
364 1972 546 2038 δεινὸς
571 1970 598 2029 ὁ
623 1972 824 2045 λάτρις.
851 1977 909 2026 τί
927 1968 1048 2027 ποτ’
1082 1976 1265 2040 ἔχουσι
1290 1965 1533 2038 τοῦνομα

304 2058 572 2130 κήρυκες;
600 2061 661 2113 ἓν
686 2054 979 2128 ἀπέχθημα
1002 2055 1305 2125 πάγκοινον
1329 2059 1546 2126 βροτοῖς
1689 2062 1773 2106 425

309 2147 366 2199 οἱ
389 2145 516 2215 περὶ
541 2141 850 2213 τυράννους
873 2142 965 2196 καὶ
992 2140 1178 2205 πόλεις
1204 2136 1489 2211 ὑπηρέται.

302 2227 372 2283 σὺ
396 2227 497 2300 τὴν
523 2226 659 2299 ε’μὴν
685 2225 793 2298 φὴς
817 2223 1005 2298 μητέρ’
1037 2230 1112 2290 εἰς
1131 2222 1437 2287 Ὀδυσσέως

305 2309 457 2383 ἥξειν
481 2315 765 2384 μέλαθρας
797 2317 906 2366 ποῦ
933 2307 986 2366 δ’
1011 2307 1355 2372 ’Λπόλλωνος
1378 2305 1551 2376 λόγοι,

309 2402 366 2452 οἵ
386 2416 558 2469 φασιν
580 2394 757 2467 αὐτὴν
782 2401 857 2460 εἰς
883 2392 966 2465 ἔμ’
997 2392 1405 2465 ἡρμηνευμένοι

308 2479 481 2537 αὐτοῦ
505 2490 835 2546 θανεῖσθαις
861 2476 1031 2534 τᾶλλα
1059 2474 1110 2532 δ’
1138 2475 1241 2532 οὐκ
1266 2474 1506 2531 ὀνειδιῶ.
1691 2485 1775 2529 430

306 2565 600 2638 δύστηνος,
628 2563 730 2621 οὐκ
756 2564 842 2620 οἶδ
849 2562 860 2581 ’
889 2559 977 2618 οἷά
998 2585 1090 2617 νιν
1113 2564 1266 2632 μένει
1295 2565 1474 2630 πάθη·

309 2648 382 2715 ῶς
404 2650 605 2723 χρυσὸς
630 2648 781 2725 αὐτῷ
804 2646 944 2719 τάμὰ
968 2649 1061 2702 καὶ
1085 2651 1328 2718 Φρυγῶν
1353 2642 1495 2701 κακὰ

309 2735 455 2801 δόξει
478 2732 599 2792 ποτ’
628 2734 783 2790 εἶναι.
813 2735 946 2788 δέκα
967 2731 1071 2804 γὰρ
1099 2731 1368 2804 ἐκπλήσας
1394 2734 1484 2800 ἔτη

309 2817 446 2893 πρὸς
470 2832 646 2875 τοῖσιν
670 2815 886 2888 ἐνθάδ’,
913 2819 1081 2884 ἵξεται
1105 2815 1270 2888 μόνος
1294 2815 1523 2886 πάτραν.
