2018 3117
755 77 1135 125 ΦΟΙΝΙΣΣΑΙ
1639 80 1737 131 411

95 224 187 274 [Ο.
276 213 400 272 οὐδ’
428 216 689 290 ηὑγένειά
713 216 764 275 σ’
793 211 928 291 ᾗρεν
955 224 1030 283 εἰς
1053 216 1193 285 ’ὕψος
1219 219 1383 290 μέγα;

89 308 210 356 ΠΟ.
277 301 451 358 κακὸν
474 303 533 359 τὸ
561 302 632 375 μὴ
665 309 836 375 ἔχειν·
863 300 924 358 τὸ
947 305 1106 374 γένος
1131 300 1233 358 οὐκ
1259 306 1454 374 ἔβοσκέ
1474 327 1550 376 με,
1660 319 1742 361 405

89 392 187 442 ΙΟ.
275 383 308 457 ἡ
335 395 554 459 πατρίς,
585 385 656 453 ὡς
683 394 852 457 ἔοικε,
879 393 1145 458 φίλτατον
1170 394 1402 459 βροτοῖς.

88 477 210 524 ΠΟ.
281 467 406 526 οὐδ’
441 470 706 543 ὀνομάσαι
730 467 916 528 δύναι’
946 467 1014 526 ἂν
1040 469 1110 536 ὡς
1136 474 1284 528 ἐστὶν
1309 480 1493 545 φίλον.

88 562 124 609 Ι
126 561 186 609 Ο.
276 561 390 621 πῶς
415 553 468 611 δ’
501 550 910 628 ἧλθες”Αργος;
938 554 1044 611 τίν’
1074 559 1324 612 ἐπίνοιαν
1349 564 1601 629 ἔσχεθες;

87 645 211 694 ΠΟ.
280 639 463 711 ἔχρησ’
496 638 773 715 Ἀδράστφ
797 642 995 706 Λοξίας
1018 641 1262 713 χρησμόν
1286 666 1425 698 τινα.

88 731 118 779 Ι
125 730 186 777 Ο.
276 737 458 789 ποῖον;
480 732 535 780 τί
550 723 692 781 τοῦτ’
711 727 919 792 ἔλεξαςς
946 723 1047 780 οὐκ
1074 731 1175 795 ἔχω
1200 736 1421 797 μαθεῖν.
1663 742 1745 784 410

86 808 209 862 ΠΟ.
278 808 469 884 κάπρῳ
495 812 681 865 λεόντί
701 807 764 865 θ’
794 807 1026 879 ἁρμόσαι
1049 815 1266 865 παίδων
1291 812 1515 883 γάμους.

86 899 185 946 ΙΟ.
275 895 366 947 καὶ
392 895 477 948 σοὶ
502 900 561 948 τί
589 900 785 965 θηρῶν
808 891 1072 964 ὀνόματος
1099 901 1294 965 μετῆν,
1322 899 1546 965 τέκνον;

87 983 208 1050 ΠΟ.
279 975 380 1032 οὐκ
406 975 514 1033 οἶδ’
534 997 545 1007 ·
574 975 602 1032 ὁ
628 983 841 1049 δαίμων
870 974 928 1048 μ’
957 978 1216 1034 ἐκάλεσεν
1239 980 1376 1052 πρὸς
1399 980 1500 1052 τὴν
1525 981 1711 1053 τύχην.

84 1068 183 1117 ΙΟ.
273 1060 443 1162 σοφὸς
467 1061 571 1134 γὰρ
597 1060 624 1118 ὁ
649 1063 806 1128 θεός·
834 1068 944 1118 τίνι
969 1062 1151 1138 τρόπῳ
1178 1061 1231 1119 δ’
1267 1070 1416 1136 ἔσχες
1440 1067 1620 1137 λέχος;

86 1152 207 1200 ΠΟ.
275 1146 431 1213 νὺξ
401 1171 498 1217 ην,
520 1145 822 1219 Ἀδράστου
850 1144 902 1202 δ
930 1139 1110 1218 ῆλθον
1140 1154 1216 1213 εἰς
1249 1151 1616 1222 παραστάδας.
1662 1165 1743 1208 415

84 1238 121 1285 Ι
121 1237 183 1284 Ο.
274 1237 458 1296 κοίτας
480 1232 733 1302 ματεύων
756 1230 791 1303 ζῆ
816 1231 998 1304 φυγὰς
1023 1233 1405 1304 πλανώμενος·
1393 1279 1406 1302 ,

84 1321 208 1370 ΠΟ.
275 1338 347 1385 ην
370 1323 568 1372 ταῦτα·
615 1318 736 1387 κατ’
767 1319 1010 1384 ἐπῆλθεν
1042 1314 1202 1383 άλλος
1227 1320 1298 1374 αὐ
1324 1320 1521 1421 φυγάς.

83 1407 182 1456 ΙΟ.
207 1395 210 1399 ’
271 1405 351 1464 τίς
382 1393 572 1467 οὖτοςς
601 1425 672 1465 ως
698 1397 787 1473 άρ’
823 1398 1016 1466 άθλιος
1040 1400 1292 1468 κάκεῖνος
1320 1428 1406 1477 ην.

83 1490 207 1539 ΠΟ.
282 1485 522 1556 Τυδεύς,
549 1482 614 1541 ὃν
643 1488 850 1549 Οἰνέως
874 1488 1043 1557 φασὶν
1069 1490 1306 1559 ἐκφῦναι
1332 1489 1550 1559 πατρός.

83 1576 180 1624 ΙΟ.
270 1575 328 1624 τί
346 1572 554 1642 θηρσὶν
578 1568 719 1641 ὑμᾶς
744 1568 863 1641 δῆτ’
890 1568 1189 1642 ’Ἀδραστος
1227 1570 1462 1644 ᾔκασενς
1658 1590 1740 1632 420

81 1660 205 1709 ΠΟ.
273 1660 560 1726 στρωμνῆς
584 1658 636 1720 ἐς
662 1653 835 1726 ἀλκὴν
859 1653 1047 1711 οὕνεκ’
1076 1654 1325 1730 ἤλθομεν
1348 1661 1490 1732 πέρι.

80 1745 179 1794 ΙΟ.
270 1742 516 1795 ἐνταῦθα
551 1745 768 1795 Ταλαοῦ
795 1753 921 1805 παῖς
942 1748 1148 1812 συνῆκε
1176 1746 1460 1824 θέσφατα·
1447 1788 1461 1813 ,

80 1830 202 1878 ΠΟ.
272 1821 575 1880 κάδωκεν
547 1837 679 1896 ημῖν
707 1824 808 1880 δύο
833 1830 995 1881 δυοῖν
1020 1827 1292 1895 νεάνιδας.

80 1915 117 1963 Ι
118 1914 179 1962 Ο.
270 1900 360 1979 ἄρ’
392 1906 638 1980 ευτυχεῖς
663 1901 767 1964 οὐν
790 1923 901 1976 τοῖς
925 1910 1117 1982 γάμοις
1140 1937 1174 1985 η
1201 1918 1517 2021 δυστυχεῖς·
1505 1958 1518 1982 ,

80 1999 203 2047 ΠΟ.
272 1990 338 2048 οὐ
370 1992 609 2065 μεμπτὸς
632 1991 767 2066 ἡμῖν
791 1992 817 2050 ὁ
847 1995 1018 2066 γάμος
1043 2002 1118 2062 εἰς
1143 1995 1263 2054 τόδ’
1299 1997 1520 2071 ἡμέ.ρας
1654 2014 1738 2057 425

77 2083 177 2133 ΙΟ.
267 2084 381 2143 πῶς
412 2075 465 2133 δ’
499 2080 772 2145 ἐξέπεισας
796 2081 964 2152 δεῦρό
996 2098 1082 2137 σοι
1106 2085 1344 2140 σπέσθαι
1371 2083 1630 2157 στρατόν;

78 2168 201 2217 ΠΟ.
271 2168 478 2228 δισσοῖς
495 2161 797 2236 ”Αδραστος
824 2163 1038 2235 ὤμοσεν
1062 2174 1328 2241 γαμβροῖς
1357 2167 1500 2239 τόδε,

230 2304 234 2306 ,
269 2245 432 2319 ἄμφω
458 2248 711 2315 κατάξειν
737 2254 812 2315 εἰς
836 2250 1075 2322 πάτραν,
1101 2253 1351 2323 πρόσθεν
1376 2251 1430 2309 δ’
1459 2257 1566 2325 ἐμέ.

269 2334 460 2388 πολλοὶ
487 2333 548 2389 δὲ
577 2340 822 2389 Δαναῶν
844 2337 936 2390 καὶ
966 2343 1320 2408 Μυκηναίων
1344 2336 1504 2410 ἄκροι
1653 2353 1738 2397 430

266 2417 509 2489 πάρεισι,
539 2417 758 2490 λυπρὰν
780 2419 967 2491 χάριν,
994 2418 1302 2492 ἀναγκαίαν
1326 2420 1380 2478 δ’
1418 2425 1536 2495 ἐμοὶ

266 2501 539 2567 διδόντες·
568 2505 656 2559 ἐπὶ
679 2502 784 2574 γὰρ
810 2502 911 2574 τὴν
935 2504 1071 2576 ἐμὴν
1098 2507 1464 2580 στρατεύομαι

264 2591 441 2642 πόλιν.
467 2585 638 2652 θεοὺς
663 2585 716 2643 δ’
743 2586 983 2659 ἐπώμοσ’
1017 2586 1089 2655 ὧς
1112 2589 1387 2658 ἀκουσίως

261 2683 373 2735 τοῖς
397 2670 672 2741 φιλτάτοις
697 2674 918 2728 ἑκοῦσιν
941 2671 1158 2747 ἠράμην
1184 2677 1343 2748 δόρυ.

262 2863 410 2906 Τυδεῖ
433 2877 480 2906 τε
510 2863 675 2920 κάμοί·
710 2867 939 2924 σύγγαμος
968 2868 1053 2925 γάρ
1082 2866 1178 2914 ἐστ’
1211 2868 1333 2925 ἐμός,
1649 2878 1735 2921 428
