2018 3117
254 80 358 132 368

265 1166 378 1217 XO.

264 1337 377 1386 ΕΚ.

895 81 1248 129 ΤΡΩΙΑΔΕΣ

447 223 509 280 σὲ
534 220 610 293 δ’,
641 214 686 277 ὦ
710 217 834 293 φίλ’
860 217 1086 295 ”Εκτορ,
1115 222 1261 293 εἶχον
1286 219 1446 296 ἄνδρ’
1474 221 1755 297 ἀρκοῦντά
1778 249 1872 299 μοι

447 309 664 376 ξυνέσει
688 308 838 379 γένει
865 307 1087 381 πλούτῳ
1113 330 1170 363 τε
1194 303 1463 382 κάνδρείᾳ
1486 312 1659 381 μέγαν
1675 331 1685 342 ·

447 387 724 466 ἀκήρατον
749 394 813 447 δέ
834 388 892 463 μ’
923 395 983 447 ἐκ
1009 390 1214 464 πατρὸς
1238 389 1637 471 λαβών,δόμων
1837 410 1924 455 675

445 482 660 551 πρῶτος
684 475 744 533 τὸ
776 479 1115 550 παρθένειον
1141 476 1336 545 ἐζεύξω
1361 480 1530 548 λέχος.

446 563 540 618 καὶ
567 568 676 618 νῦν
701 558 912 626 όλωλας
936 585 1038 633 μεν
1064 561 1135 617 σύ
1147 568 1581 634 ,ναυσθλοῦμαι
1606 562 1660 620 δ’
1689 564 1792 637 ἐγώ

445 645 583 721 πρὸς
601 644 814 704 Ελλάδ’
843 646 1180 719 αἰχμάλωτος
1208 653 1282 711 εἰς
1307 651 1513 703 δοῦλον
1536 648 1718 720 ζυγόν.

448 729 539 806 ἀρ’
567 730 670 788 οὐκ
697 731 906 789 ἐλάσσω
932 738 1044 788 τῶν
1069 736 1215 833 ἐμῶν
1240 729 1368 804 ἡγεῖ
1387 755 1577 789 κακων

447 819 769 890 Πολυξένης
793 815 1060 891 ὀλεθρον,
1088 815 1159 889 ἣν
1185 819 1561 884 καταστένεις;
1839 831 1923 876 680

451 905 571 976 ἐμοὶ
593 902 699 972 γάρ
725 899 850 959 οὐδ’
881 900 914 958 ὅ
938 909 1071 958 πᾶσι
1097 908 1343 958 λείπεται
1368 909 1588 976 βροτοῖς

449 988 706 1056 ξύνεστιν
731 991 911 1059 ἐλπίς,
938 985 1072 1044 οὐδὲ
1095 990 1394 1059 κλέπτομαι
1421 990 1629 1060 φρένας

451 1074 679 1146 πράξειν
702 1098 753 1128 τι
777 1072 1006 1128 κεδνόν·
1034 1071 1143 1143 ἡδὺ
1171 1071 1222 1128 δ’
1254 1075 1367 1128 ἐστὶ
1392 1074 1484 1128 καὶ
1510 1077 1715 1130 δοκεῖν.

449 1165 525 1224 εἰς
549 1156 753 1214 ταύτὸν
779 1156 930 1229 ἥκεις
954 1163 1268 1231 συμφορᾶς·
1295 1163 1589 1230 θρηνοῦσα
1614 1158 1676 1214 δὲ

449 1242 510 1300 τὸ
537 1243 637 1300 σὸν
662 1243 939 1308 διδάσκεις
963 1239 1021 1314 μ’
1053 1249 1194 1299 ἔνθα
1217 1243 1482 1343 πημάτων
1505 1250 1676 1317 κυρῶ.
1842 1257 1925 1302 685

449 1326 589 1401 αὐτὴ
616 1352 717 1400 μεν
741 1326 897 1385 ούπω
927 1326 1054 1393 ναὸς
1081 1330 1300 1399 εἰσέβην
1327 1327 1555 1400 σκάφος,

451 1439 518 1488 γρ
524 1420 640 1487 αφῇ
660 1419 690 1470 δ
749 1419 947 1470 ἰδοῦσα
970 1415 1063 1469 καὶ
1087 1411 1320 1469 κλύουσ’
1313 1416 1657 1514 —8'7c0'6w5t0m

452 1499 682 1564 ναύταις
711 1522 809 1572 γαρ
843 1494 911 1568 ἦν
931 1522 1036 1556 μεν
1059 1501 1274 1571 μέτριος
1297 1491 1332 1571 ᾗ
1354 1497 1560 1570 χειμών
1586 1501 1798 1572 φέρειν,

454 1590 780 1658 προθυμίαν
805 1590 987 1655 έχουσι
1015 1589 1270 1655 σωθῆναι
1296 1583 1503 1653 πόνων,

455 1694 482 1727 ο
511 1670 612 1742 μὲν
637 1667 767 1742 παρ’
801 1666 962 1742 οἴαχ’,
999 1665 1027 1721 ὃ
1055 1666 1109 1724 δ’
1140 1670 1228 1724 ἐπὶ
1254 1674 1514 1739 λαίφεσιν
1538 1667 1732 1739 βεβώς,
1844 1679 1928 1724 690

453 1756 482 1814 ὃ
509 1753 560 1812 δ’
593 1752 795 1810 ἄντλον
822 1763 1023 1827 εἴργων
1053 1753 1203 1819 ναός·
1231 1749 1301 1825 ἢν
1327 1751 1379 1809 δ’
1408 1751 1696 1826 ὑπερβάλῃ

454 1839 627 1906 πολὺς
651 1841 947 1913 ταραχθεὶς
971 1839 1195 1909 πόντος,
1226 1838 1477 1903 ἐνδόντες
1507 1842 1645 1911 τύχῃ

457 1937 727 1999 παρεῖσαν
757 1922 963 1989 αὐτούς
987 1924 1249 1993 κυμάτων
1274 1923 1636 1996 δρομήμασιν.

457 2008 602 2067 οὕτω
629 2011 689 2065 δὲ
722 2008 874 2081 κάγω
900 2008 1058 2066 πόλλ’
1089 2017 1288 2081 ἔχουσα
1313 2009 1530 2081 πήματα

459 2092 748 2167 αφθογγός
776 2100 884 2167 εἰμι
908 2097 1001 2151 καὶ
1025 2092 1243 2167 παρεῖσ’
1275 2097 1345 2150 ἐῶ
1371 2093 1568 2163 στόμα·
1846 2103 1930 2149 695

459 2186 590 2254 νικᾷ
613 2179 717 2253 γὰρ
745 2177 847 2235 οὑκ
872 2185 1026 2235 θεων
1051 2202 1117 2250 με
1143 2179 1414 2249 δύστηνος
1436 2175 1677 2232 κλύδων.

457 2262 580 2321 ἄλλ’
609 2288 651 2321 ω
680 2271 814 2337 φίλη
839 2278 964 2334 παῖ,
988 2263 1083 2328 τὰς
1107 2287 1207 2335 μεν
1227 2261 1482 2336 Έκτορος
1503 2261 1669 2332 τύχας

460 2357 651 2407 ἔασον·
680 2348 747 2406 οὐ
772 2349 876 2422 γὰρ
905 2348 1120 2421 δάκρυά
1148 2372 1240 2403 νιν
1264 2347 1429 2403 σω’σει
1451 2345 1516 2402 τὰ
1541 2346 1632 2402 σά·

461 2442 591 2508 τίμα
617 2436 679 2492 δὲ
701 2434 799 2491 τὸν
824 2434 1070 2507 παρόντα
1095 2433 1369 2504 δεσπότην
1394 2434 1582 2502 σέθεν,

461 2527 629 2592 φίλον
654 2525 889 2576 διδοῦσα
915 2522 1109 2592 δέλεαρ
1130 2516 1293 2590 ἀνδρὶ
1317 2523 1432 2573 σῶν
1454 2516 1692 2590 τρόπων.
1848 2524 1931 2570 700

461 2602 567 2662 κᾶν
592 2612 726 2680 δρᾷς
750 2602 894 2676 τάδ’,
922 2610 997 2670 εἰς
1023 2603 1082 2660 τὸ
1107 2601 1297 2661 κοινὸν
1325 2600 1623 2674 εὐφρανεῖς
1649 2604 1848 2671 φίλους

461 2693 553 2747 καὶ
578 2695 747 2747 παῖδα
770 2689 934 2746 τόνδε
957 2687 1152 2755 παιδὸς
1175 2690 1503 2761 ἐκθρέψειας
1527 2681 1596 2743 ἂν

470 2782 642 2853 Τροίᾳ
664 2777 921 2848 μέγιστον
947 2771 1216 2846 ὠφέλημ’,
1242 2770 1313 2844 ἣν
1341 2773 1410 2828 ἅν
1435 2794 1565 2827 ποτε

463 2863 523 2917 ἐκ
548 2867 650 2918 σοῦ
676 2859 966 2934 γενόμενοι
992 2864 1183 2925 παῖδες
1206 2855 1441 2932 ὕστερον
1467 2858 1632 2912 πάλιν
