2018 3117
1640 115 1740 166 245

160 261 426 332 μέμνονος
461 266 700 332 γυναικί.
760 260 1033 332 μαθόντες
1067 260 1128 315 δὲ
1161 257 1621 330 Κλυταιμνήστρα
1653 259 1745 312 καὶ

162 353 434 415 Αἴγισθος
478 344 578 416 τήν
623 368 681 400 τε
720 350 925 416 Τροίαν
963 343 1204 399 ἁλοῦσαν
1240 345 1333 399 καὶ
1370 339 1745 414 Ἀγαμέμνονα

159 427 292 500 μετὰ
314 434 425 483 τῶν
451 426 634 484 ἄλλων
658 434 817 484 οἵκαδ
823 451 846 484 ε
880 431 1132 497 πλέοντα,
1159 427 1522 499 βουλεύονται
1546 431 1745 481 τοῦτον

158 519 253 584 τῆς
292 518 466 577 οἰκίας
510 515 905 584 ἐπειλημμένον
950 510 1298 582 ἀποκτενεῖν,
1339 517 1430 567 ἴνα
1464 510 1534 583 μὴ
1570 509 1745 584 τούτῳ

158 599 507 669 γνωσθέντος
532 603 630 652 τοῦ
665 603 825 668 σφῶν
859 596 1271 667 πονηρεύματος
1303 594 1463 651 αὐτοὶ
1497 598 1743 667 παραδο-
1767 606 1794 649 5

158 690 316 737 θεῖεν
339 681 564 756 θανάτῳ
581 700 592 709 ·
619 678 650 736 ὃ
674 680 740 752 δὴ
766 682 858 737 καὶ
883 676 1099 751 ἤνυσαν
1122 683 1214 736 καὶ
1248 679 1626 736 ἐπανελθόντα
1649 677 1746 734 τὸν

153 764 526 837 Ἀγαμέμνονα
552 763 958 821 ἀποκτείνουσι.
1005 770 1208 835 χιτῶνα
1232 764 1336 835 γὰρ
1363 763 1435 836 μὴ
1465 762 1746 830 διεξόδους

158 857 399 921 κεφαλῆς
432 851 524 904 καὶ
555 855 755 921 χειρῶν
798 856 989 920 ἔχοντα
1032 848 1166 920 μετὰ
1208 847 1267 904 τὸ
1315 847 1551 920 λουτρὸν
1597 850 1747 902 ἐνδι-

159 936 427 991 δύσκουσι
463 936 555 989 καὶ
587 936 647 989 ἐν
681 940 754 1008 τῷ
793 936 1008 989 πελέκει
1043 939 1241 989 τοῦτον
1277 932 1600 1004 φονεύουσι.
1649 954 1745 1003 με-

159 1017 291 1086 ταξὺ
328 1025 468 1089 γοῦν
503 1024 600 1074 τοῦ
639 1016 1102 1090 Ἀγαμεμνονείου
1139 1018 1320 1089 φόνου
1358 1015 1620 1088 Ἠλέκτρα
1652 1015 1814 1071 τὸνῙΟ

158 1101 403 1174 ἀδελφὸν
442 1100 728 1174 Ὀρέστην,
775 1107 866 1158 ἵνα
921 1102 993 1174 μὴ
1040 1104 1132 1157 καὶ
1188 1095 1348 1166 οὗτος
1405 1100 1746 1172 ἀναιρεθείη,

158 1190 404 1254 κλέψασα
427 1193 525 1242 καί
543 1211 651 1242 τινι
677 1193 850 1243 δοῦσα
874 1192 1208 1261 παιδαγωγῷ
1247 1193 1322 1251 είς
1348 1190 1575 1241 Φωκίδα
1600 1183 1746 1256 παρὰ

166 1272 445 1344 Στρόφιον
468 1273 695 1342 πέμπει,
722 1278 888 1343 φίλον
913 1273 1005 1327 καὶ
1028 1278 1268 1343 συγγενῆ
1294 1277 1392 1326 τοῦ
1416 1268 1618 1342 πατρὸς
1643 1266 1747 1324 αύ-

164 1363 252 1428 τῆς
275 1356 631 1428 τυγχάνοντα.
660 1353 911 1429 Ὀρέστης
938 1356 998 1412 δε
1025 1361 1101 1420 εἰς
1125 1354 1330 1428 άνδρας
1363 1352 1542 1457 ήκων,
1568 1375 1745 1425 παρα-

159 1440 346 1513 λαβών
369 1440 639 1512 Πυλάδην
662 1439 761 1496 τὸν
786 1446 954 1497 παῖδα
979 1446 1283 1511 Στροφίου,
1311 1437 1399 1510 ἐφ’
1432 1462 1472 1494 ω
1498 1435 1613 1510 μετ’
1643 1435 1747 1493 αύ-
1762 1453 1812 1496 15

156 1532 256 1581 τοῦ
281 1534 561 1597 Αἴγισθον
585 1526 677 1580 καὶ
698 1525 1196 1596 Κλυταιμνήστραν
1218 1523 1582 1595 τιμωρήσαιτο
1598 1566 1612 1592 ,
1646 1545 1746 1577 κα-

157 1610 490 1681 ταλαμβάνει
524 1609 708 1683 λάθρᾳ
740 1609 800 1665 τὸ
817 1607 1032 1683 ’Ἁργοςκ
1072 1611 1165 1664 καὶ
1198 1608 1442 1680 χρησμὸν
1467 1605 1614 1679 παρὰ
1647 1612 1745 1662 τοῦ

157 1700 386 1750 Πυθίου
422 1694 715 1766 δεξάμενος
749 1700 908 1750 τοῦτο
933 1707 1138 1764 ποιεῖν,
1171 1715 1388 1765 πρωτον
1410 1716 1510 1764 μεν
1536 1698 1746 1763 ἔρχεται

158 1778 294 1852 πρὸς
319 1778 417 1835 τὸν
439 1785 537 1835 τοῦ
562 1778 765 1850 πατρὸς
788 1779 966 1851 τάφον
990 1781 1082 1834 καὶ
1106 1778 1265 1849 θύει,
1293 1777 1406 1833 εἶτά
1429 1801 1479 1832 τι
1502 1781 1746 1848 μηχανᾶ-

159 1887 246 1918 ται
270 1864 500 1919 τοιόνδε.
536 1862 634 1919 τὸν
668 1887 772 1935 γαρ
798 1862 1153 1935 παιδαγωγὸν
1188 1887 1229 1918 ω
1257 1861 1403 1935 παρὰ
1436 1867 1531 1932 τῆς
1558 1858 1815 1915 Ἠλέκ-20

161 1970 287 2018 τρας
331 1948 498 2003 πάλαι
544 1951 863 2013 πιστευθεὶς
907 1950 1067 2019 ἡκεν,
1118 1971 1189 2012 ως
1235 1954 1473 2018 ἔφημεν,
1523 1951 1599 2010 εἰς
1645 1943 1745 2014 τὴν

161 2037 402 2103 Φωκίδα,
427 2039 626 2088 τοῦτον
655 2036 962 2105 προπέμπει
989 2038 1064 2097 εἰς
1085 2041 1364 2104 Αἰγισθον
1387 2032 1480 2087 καὶ
1501 2037 1746 2085 Κλυται-

159 2118 438 2190 μνήστραν
481 2120 710 2189 λέγοντα
751 2115 822 2183 ὡς
859 2115 1112 2190 Ὀρέστης
1151 2120 1210 2172 έν
1242 2124 1519 2181 Πυθικοῖς
1552 2112 1746 2177 ἄθλοις

160 2200 405 2274 ἀνῃρέθη
441 2204 531 2257 καὶ
553 2208 661 2258 νῦν
697 2201 894 2272 ἄνδρες
926 2201 992 2258 τὰ
1025 2201 1224 2258 τούτου
1267 2199 1398 2257 ὀστᾶ
1425 2203 1484 2256 ἐν
1506 2204 1745 2270 κιβωτίῳ

160 2292 490 2358 κομίζουσιν,
508 2291 599 2342 ἵνα
617 2288 886 2363 πατρῴων
909 2293 1048 2359 γοῦν
1069 2286 1261 2357 τάφων
1284 2285 1436 2357 τύχῃ.
1462 2282 1747 2354 ὑπαχθέν-
1760 2298 1813 2340 25

159 2393 247 2435 τες
284 2370 344 2426 δὲ
387 2377 451 2443 τῇ
486 2372 713 2444 τοιαύτῃ
759 2370 937 2445 ἀπάτῃ
971 2371 1434 2442 Κλυταιμνήστρα
1464 2370 1556 2424 καὶ
1580 2375 1746 2437 Αἴγι-

161 2464 326 2524 σθος,
364 2459 455 2510 ἴνα
481 2455 553 2527 μὴ
580 2463 934 2527 μακρολογῶ,
960 2454 1321 2527 ἀναιροῦνται
1345 2451 1455 2509 ὑπὸ
1486 2450 1745 2524 Ὀρέστου

160 2541 252 2594 καὶ
274 2539 558 2610 Πυλάδου,
595 2540 781 2613 πρώτη
807 2541 907 2611 μὲν
929 2539 1407 2612 Κλυταιμνήστρα,
1434 2534 1660 2609 ὕστερος
1685 2535 1746 2590 δὲ

163 2631 448 2693 Αἴγισθος.
515 2625 954 2696 μητροκτονήσας
992 2630 1184 2679 τοίνυν
1220 2621 1472 2696 Ὀρέστης
1503 2618 1746 2692 Ἐρινύσι

163 2713 486 2778 παραχρῆμα
519 2708 619 2778 τὴν
658 2714 820 2781 δίκην
865 2713 1036 2764 ἔδωκε
1084 2713 1291 2778 μανείς.
1354 2707 1642 2769 Μενέλαος
1685 2704 1813 2763 δὲὸο

163 2794 222 2846 ἐκ
253 2798 450 2863 Τροίας
477 2793 675 2864 ἐλθών,
700 2791 926 2867 ὕστερος
949 2791 1053 2864 γὰρ
1073 2789 1470 2864 Ἀγαμέμνονος
1489 2792 1742 2858 ἐπανῆκε,

163 2878 254 2931 καὶ
280 2882 353 2950 τῷ
378 2882 651 2951 Ναυπλίῳ
687 2879 864 2948 λιμένι
890 2876 1204 2949 προσσχών,
1238 2873 1439 2939 νυκτὸς
1471 2873 1570 2945 μὲν
1598 2870 1745 2928 Ἑλέ-
