2018 3117
690 970 1264 1027 ΥΠΟΘΕΣΙΣ.

277 1184 487 1255 ’Έκτωρ
515 1196 625 1249 τοῖς
647 1182 905 1254 “Emmw
942 1185 1234 1239 ἐπικοιτῶν
1253 1181 1497 1250 ἀκούσας
1526 1182 1729 1248 αὐτοὺς

144 1275 258 1340 πῦρ
282 1272 484 1337 καίειν,
511 1264 800 1337 εὐλαβήθη
822 1266 893 1336 μὴ
919 1267 1194 1335 φύγωσιν.
1215 1269 1512 1333 ἐξοπλίζειν
1534 1266 1593 1322 δὲ
1615 1271 1729 1322 διε-

145 1350 372 1421 γνωκώς
390 1348 483 1412 τὰς
500 1347 760 1417 δυνάμεις
783 1347 1114 1416 μετενόησεν
1126 1352 1353 1402 Αἰνείου
1381 1348 1729 1419 συμβουλεύ-

144 1451 342 1495 σαντος
360 1429 675 1500 ἡσυχάζειν,
699 1429 1049 1484 κατάσκοπον
1075 1430 1133 1482 δὲ
1156 1432 1472 1497 πέμψαντας
1492 1428 1557 1483 δι’
1589 1431 1728 1483 ἐκεί-

145 1535 249 1567 νου
282 1513 383 1582 τὴν
412 1509 681 1580 ἀλήθειαν
716 1514 1016 1581 ἱστορῆσαι.
1096 1513 1335 1566 Δόλωνα
1363 1510 1422 1564 δὲ
1459 1509 1596 1579 πρὸς
1625 1512 1767 1579 τὴνὸ

144 1599 330 1665 χρείαν
357 1592 749 1647 ὑπακούσαντα
789 1595 1164 1661 ἐκπέμπεσθαι
1198 1635 1209 1645 .
1235 1635 1279 1644 ..
1310 1591 1480 1646 τόπον
1519 1597 1592 1656 εἰς
1628 1592 1729 1661 τὴν

145 1673 502 1745 παρεμβολὴν
532 1671 817 1743 ἀφώρισεν
850 1671 1013 1746 αὐτῷ.
1055 1675 1411 1741 ἐπιφανέντες
1442 1674 1502 1727 δὲ
1529 1676 1585 1727 oc
1605 1674 1729 1742 περὶ

145 1755 244 1810 τὸν
268 1754 562 1826 Ὀδυσσέα,
600 1757 689 1809 καὶ
724 1756 960 1810 Δόλωνα
995 1753 1095 1824 μὲν
1138 1752 1500 1825 ἀνῃρηκότες,
1539 1755 1626 1808 ἐπὶ
1668 1753 1728 1808 δὲ

141 1834 509 1906 τὴνἝκτορος
530 1836 927 1905 κατηντηκότες
948 1833 1160 1907 σκηνὴν
1192 1835 1357 1889 πάλιν
1378 1833 1727 1904 ὑπέστρεφον

147 1915 248 1987 οὐχ
271 1916 530 1986 εὑρόντες
549 1916 647 1972 τὸν
678 1918 1002 1987 στρατηγόν.
1058 1915 1156 1982 οὓς
1171 1916 1380 1988 Ἀθηνᾶ
1402 1920 1727 1986 ἐπιφανεῖσα
1744 1932 1798 1974 10

146 2002 417 2069 κατέσχεν.
449 1998 654 2054 καὶτὸν
674 2001 772 2069 μὲν
787 1997 1022 2068 ’Έκτορα
1042 2001 1291 2054 ἐκέλευσε
1311 1997 1383 2069 μὴ
1404 2004 1595 2069 ζητεῖν,
1608 1996 1728 2068 Ῥῆ-

147 2098 247 2134 σον
267 2079 326 2135 δὲ
346 2077 594 2150 ἀναιρεῖν
619 2082 861 2144 ἐπέταξε·
885 2080 982 2133 τὸν
1012 2079 1115 2150 γάρ
1147 2083 1206 2135 ἐκ
1237 2081 1440 2135 τούτου
1461 2083 1727 2134 κίνδυνον

146 2167 362 2232 μείζονα
390 2167 610 2217 ἔσεσθαι
645 2159 1048 2232 τοῖς”Ελλησιν,
1088 2161 1181 2217 ἐὰν
1202 2163 1391 2235 βιώσῃ.
1433 2162 1646 2225 τούτοις
1668 2162 1725 2214 δὲ

147 2246 427 2312 ἐπιφανεὶς
445 2242 792 2312 Ἀλέξανδρος
877 2287 1330 2297 ......
1406 2245 1728 2297 ἐπίστασθαι

145 2331 388 2396 πολέμου
417 2333 744 2397 παρουσιάν.
775 2330 1131 2397 ἐξαπατηθεὶς
1152 2329 1210 2382 δὲ
1231 2326 1341 2381 ὑπὸ
1362 2325 1624 2395 Ἀθηνᾶς,
1656 2323 1727 2389 ὡς
1743 2340 1795 2380 15

147 2412 322 2476 δῆθεν
349 2406 457 2462 ὑπὸ
486 2407 831 2480 Ἀφροδίτης,
869 2407 1144 2478 ἄπρακτος
1174 2406 1543 2476 ὑπέστρεψεν·
1585 2409 1641 2461 oc
1666 2407 1726 2460 δὲ

147 2490 270 2556 περὶ
287 2488 576 2558 Διομήδην
592 2491 965 2560 φονεύσαντες
979 2489 1171 2558 Ῥῆσον
1193 2490 1592 2558 ἐχωρίσθησαν.
1634 2487 1726 2541 καὶ

146 2567 178 2638 ἡ
201 2569 459 2640 συμφορὰ
479 2576 590 2625 τῶν
611 2570 975 2643 ἀνῃρημένων
996 2569 1125 2624 καθ’
1153 2568 1288 2625 ὅλον
1308 2564 1448 2639 ἦλθε
1467 2568 1527 2624 τὸ
1559 2568 1725 2638 στρά-

145 2673 335 2721 τευμα.
374 2657 826 2723 παραγενομένου
858 2651 1189 2722 δὲ”Εκτορος
1208 2655 1299 2706 ἵνα
1320 2649 1489 2715 αὐτὸς
1515 2654 1725 2719 περιγί-

146 2756 304 2802 νηται
345 2738 456 2786 τῶν
495 2737 924 2805 πεπραγμένων,
963 2737 1297 2803 τετρωμένος
1329 2731 1357 2787 ὁ
1395 2738 1496 2787 τοῦ
1525 2732 1718 2801 Ῥήσου
1738 2744 1793 2785 20

144 2816 465 2885 ἐπιμελητὴς
486 2814 560 2868 δι’
584 2814 758 2870 αὐτοῦ
781 2819 950 2886 φησὶν
967 2814 1224 2886 Ἕκτορος
1248 2815 1345 2869 τὸν
1368 2813 1547 2884 φόνον
1566 2833 1722 2881 γεγε-

1418 2900 1522 2950 20*
