<?xml version="1.0" encoding="UTF-8"?>
<!DOCTYPE html PUBLIC "-//W3C//DTD XHTML 1.0 Transitional//EN"
    "http://www.w3.org/TR/xhtml1/DTD/xhtml1-transitional.dtd">
<html xmlns="http://www.w3.org/1999/xhtml" xml:lang="en" lang="en">
 <head>
  <title>
</title>
<meta http-equiv="Content-Type" content="text/html;charset=utf-8" />
  <meta name='ocr-system' content='tesseract 3.04.00' />
  <meta name='ocr-capabilities' content='ocr_page ocr_carea ocr_par ocr_line ocrx_word'/>
</head>
<body>
  <div class='ocr_page' id='page_1' title='image "./euripidistragoe02euriuoft_0281.png"; bbox 0 0 2018 3117; ppageno 0'>
   <div class='ocr_carea' id='block_1_1' title="bbox 858 91 1146 136">
    <p class='ocr_par' dir='ltr' id='par_1_1' title="bbox 858 91 1146 136">
     <span class='ocr_line' id='line_1_1' title="bbox 858 91 1146 136; baseline 0 0"><span class='ocrx_word' id='word_1_1' title='bbox 858 91 1146 136; x_wconf 82' lang='lat' dir='ltr'><em>MHAEIA</em></span> 
     </span>
    </p>
   </div>
   <div class='ocr_carea' id='block_1_2' title="bbox 122 220 1595 2240">
    <p class='ocr_par' dir='ltr' id='par_1_2' title="bbox 122 220 1595 2240">
     <span class='ocr_line' id='line_1_2' title="bbox 122 220 1390 300; baseline -0.002 -14"><span class='ocrx_word' id='word_1_2' title='bbox 122 236 221 286; x_wconf 85' lang='grc' dir='ltr'><em>ΑΓ</em></span> <span class='ocrx_word' id='word_1_3' title='bbox 217 235 266 285; x_wconf 92' lang='grc' dir='ltr'><strong><em>Γ</em></strong></span> <span class='ocrx_word' id='word_1_4' title='bbox 304 231 420 285; x_wconf 80' lang='grc' dir='ltr'><em>ἐπεὶ</em></span> <span class='ocrx_word' id='word_1_5' title='bbox 444 229 654 284; x_wconf 88' lang='grc' dir='ltr'><em>τέκνων</em></span> <span class='ocrx_word' id='word_1_6' title='bbox 677 234 792 284; x_wconf 77' lang='grc' dir='ltr'><em>σῶν</em></span> <span class='ocrx_word' id='word_1_7' title='bbox 814 220 953 299; x_wconf 78' lang='grc' dir='ltr'><em>ἦλθε</em></span> <span class='ocrx_word' id='word_1_8' title='bbox 977 233 1233 298; x_wconf 89' lang='grc' dir='ltr'><em>δίπτυχος</em></span> <span class='ocrx_word' id='word_1_9' title='bbox 1257 228 1390 300; x_wconf 74' lang='grc' dir='ltr'><em>γονὴ</em></span> 
     </span>
     <span class='ocr_line' id='line_1_3' title="bbox 306 311 1573 384; baseline 0.001 -16"><span class='ocrx_word' id='word_1_10' title='bbox 306 311 413 368; x_wconf 81' lang='grc' dir='ltr'><em>σὺν</em></span> <span class='ocrx_word' id='word_1_11' title='bbox 437 314 599 384; x_wconf 85' lang='grc' dir='ltr'><em>πατρὶ</em></span> <span class='ocrx_word' id='word_1_12' title='bbox 623 314 716 368; x_wconf 82' lang='grc' dir='ltr'><em>καὶ</em></span> <span class='ocrx_word' id='word_1_13' title='bbox 740 319 991 384; x_wconf 83' lang='grc' dir='ltr'><em>παρῆλθε</em></span> <span class='ocrx_word' id='word_1_14' title='bbox 1014 311 1326 383; x_wconf 80' lang='grc' dir='ltr'><em>νυμφικοὺς</em></span> <span class='ocrx_word' id='word_1_15' title='bbox 1351 312 1573 384; x_wconf 83' lang='grc' dir='ltr'><em>δόμους,</em></span> 
     </span>
     <span class='ocr_line' id='line_1_4' title="bbox 304 393 1424 468; baseline 0 -16"><span class='ocrx_word' id='word_1_16' title='bbox 304 393 556 468; x_wconf 76' lang='grc' dir='ltr'><em>ἥσθημεν</em></span> <span class='ocrx_word' id='word_1_17' title='bbox 581 401 735 467; x_wconf 81' lang='grc' dir='ltr'><em>οἵπερ</em></span> <span class='ocrx_word' id='word_1_18' title='bbox 763 410 878 461; x_wconf 91' lang='grc' dir='ltr'><em>σοῖς</em></span> <span class='ocrx_word' id='word_1_19' title='bbox 904 394 1209 467; x_wconf 74' lang='grc' dir='ltr'><em>ἐκάμνομεν</em></span> <span class='ocrx_word' id='word_1_20' title='bbox 1236 410 1424 462; x_wconf 79' lang='grc' dir='ltr'><em>κακοῖς</em></span> 
     </span>
     <span class='ocr_line' id='line_1_5' title="bbox 311 474 1567 552; baseline 0.001 -16"><span class='ocrx_word' id='word_1_21' title='bbox 311 487 512 552; x_wconf 79' lang='grc' dir='ltr'><em>δμῶες·</em></span> <span class='ocrx_word' id='word_1_22' title='bbox 545 478 620 536; x_wconf 81' lang='grc' dir='ltr'><em>δι’</em></span> <span class='ocrx_word' id='word_1_23' title='bbox 641 490 811 537; x_wconf 76' lang='grc' dir='ltr'><em>οἴκων</em></span> <span class='ocrx_word' id='word_1_24' title='bbox 837 478 889 536; x_wconf 88' lang='grc' dir='ltr'><em>δ’</em></span> <span class='ocrx_word' id='word_1_25' title='bbox 920 477 1093 545; x_wconf 75' lang='grc' dir='ltr'><em>εὐθὺς</em></span> <span class='ocrx_word' id='word_1_26' title='bbox 1117 474 1188 551; x_wconf 75' lang='grc' dir='ltr'><em>ἦν</em></span> <span class='ocrx_word' id='word_1_27' title='bbox 1211 480 1382 546; x_wconf 75' lang='grc' dir='ltr'><em>πολὺς</em></span> <span class='ocrx_word' id='word_1_28' title='bbox 1405 482 1567 552; x_wconf 80' lang='grc' dir='ltr'><em>λόγος</em></span> 
     </span>
     <span class='ocr_line' id='line_1_6' title="bbox 307 564 1559 636; baseline 0.001 -16"><span class='ocrx_word' id='word_1_29' title='bbox 307 566 368 620; x_wconf 75' lang='grc' dir='ltr'><em>σὲ</em></span> <span class='ocrx_word' id='word_1_30' title='bbox 392 567 483 620; x_wconf 79' lang='grc' dir='ltr'><em>καὶ</em></span> <span class='ocrx_word' id='word_1_31' title='bbox 507 565 668 621; x_wconf 90' lang='grc' dir='ltr'><em>πόσιν</em></span> <span class='ocrx_word' id='word_1_32' title='bbox 692 564 791 620; x_wconf 86' lang='grc' dir='ltr'><em>σὸν</em></span> <span class='ocrx_word' id='word_1_33' title='bbox 813 577 992 629; x_wconf 87' lang='grc' dir='ltr'><em>νεῖκος</em></span> <span class='ocrx_word' id='word_1_34' title='bbox 1017 567 1302 620; x_wconf 87' lang='grc' dir='ltr'><em>ε’σπεῖσθαι</em></span> <span class='ocrx_word' id='word_1_35' title='bbox 1326 564 1384 621; x_wconf 88' lang='grc' dir='ltr'>τό</span> <span class='ocrx_word' id='word_1_36' title='bbox 1411 573 1559 636; x_wconf 87' lang='grc' dir='ltr'><em>πρίν.</em></span> 
     </span>
     <span class='ocr_line' id='line_1_7' title="bbox 307 645 1554 723; baseline 0.002 -19"><span class='ocrx_word' id='word_1_37' title='bbox 307 663 469 705; x_wconf 86' lang='grc' dir='ltr'><em>κυνεῖ</em></span> <span class='ocrx_word' id='word_1_38' title='bbox 489 646 540 704; x_wconf 86' lang='grc' dir='ltr'><em>δ’</em></span> <span class='ocrx_word' id='word_1_39' title='bbox 571 645 598 705; x_wconf 81' lang='grc' dir='ltr'>ὅ</span> <span class='ocrx_word' id='word_1_40' title='bbox 623 649 724 719; x_wconf 85' lang='grc' dir='ltr'><em>μέν</em></span> <span class='ocrx_word' id='word_1_41' title='bbox 748 672 827 712; x_wconf 88' lang='grc' dir='ltr'><em>τις</em></span> <span class='ocrx_word' id='word_1_42' title='bbox 849 645 1009 720; x_wconf 84' lang='grc' dir='ltr'><em>χεῖρ’,</em></span> <span class='ocrx_word' id='word_1_43' title='bbox 1033 648 1063 703; x_wconf 75' lang='grc' dir='ltr'>ὃ</span> <span class='ocrx_word' id='word_1_44' title='bbox 1096 649 1156 704; x_wconf 76' lang='grc' dir='ltr'><em>δὲ</em></span> <span class='ocrx_word' id='word_1_45' title='bbox 1181 648 1390 714; x_wconf 82' lang='grc' dir='ltr'><em>ξανθὸν</em></span> <span class='ocrx_word' id='word_1_46' title='bbox 1414 650 1554 723; x_wconf 78' lang='grc' dir='ltr'><em>κάρα</em></span> 
     </span>
     <span class='ocr_line' id='line_1_8' title="bbox 307 729 1346 804; baseline -0.002 -14"><span class='ocrx_word' id='word_1_47' title='bbox 307 739 548 790; x_wconf 77' lang='grc' dir='ltr'><em>παίδων·</em></span> <span class='ocrx_word' id='word_1_48' title='bbox 575 731 679 804; x_wconf 75' lang='grc' dir='ltr'><em>ἐγώ</em></span> <span class='ocrx_word' id='word_1_49' title='bbox 707 732 768 787; x_wconf 77' lang='grc' dir='ltr'><em>δὲ</em></span> <span class='ocrx_word' id='word_1_50' title='bbox 790 729 990 796; x_wconf 80' lang='grc' dir='ltr'><em>καύτὸς</em></span> <span class='ocrx_word' id='word_1_51' title='bbox 1011 729 1214 804; x_wconf 77' lang='grc' dir='ltr'><em>ἡδονῆς</em></span> <span class='ocrx_word' id='word_1_52' title='bbox 1238 731 1346 788; x_wconf 79' lang='grc' dir='ltr'><em>ὕπο</em></span> 
     </span>
     <span class='ocr_line' id='line_1_9' title="bbox 307 814 1578 891; baseline 0.002 -19"><span class='ocrx_word' id='word_1_53' title='bbox 307 821 497 889; x_wconf 75' lang='grc' dir='ltr'><em>στέγας</em></span> <span class='ocrx_word' id='word_1_54' title='bbox 520 822 803 888; x_wconf 75' lang='grc' dir='ltr'><em>γυναικῶν</em></span> <span class='ocrx_word' id='word_1_55' title='bbox 829 815 934 872; x_wconf 80' lang='grc' dir='ltr'><em>σὺν</em></span> <span class='ocrx_word' id='word_1_56' title='bbox 958 818 1169 882; x_wconf 87' lang='grc' dir='ltr'><em>τέκνοις</em></span> <span class='ocrx_word' id='word_1_57' title='bbox 1193 814 1286 888; x_wconf 76' lang='grc' dir='ltr'><em>ἅμ’</em></span> <span class='ocrx_word' id='word_1_58' title='bbox 1317 819 1578 891; x_wconf 83' lang='grc' dir='ltr'><em>ἑσπόμην.</em></span> 
     </span>
     <span class='ocr_line' id='line_1_10' title="bbox 306 898 1537 974; baseline 0.002 -17"><span class='ocrx_word' id='word_1_59' title='bbox 306 904 566 957; x_wconf 86' lang='grc' dir='ltr'><em>δέσποινα</em></span> <span class='ocrx_word' id='word_1_60' title='bbox 593 899 643 955; x_wconf 85' lang='grc' dir='ltr'><em>δ’</em></span> <span class='ocrx_word' id='word_1_61' title='bbox 671 898 741 973; x_wconf 80' lang='grc' dir='ltr'><em>ἣν</em></span> <span class='ocrx_word' id='word_1_62' title='bbox 765 907 873 955; x_wconf 86' lang='grc' dir='ltr'><em>νῦν</em></span> <span class='ocrx_word' id='word_1_63' title='bbox 896 898 1018 956; x_wconf 78' lang='grc' dir='ltr'><em>ἀντὶ</em></span> <span class='ocrx_word' id='word_1_64' title='bbox 1041 907 1142 957; x_wconf 83' lang='grc' dir='ltr'><em>σοῦ</em></span> <span class='ocrx_word' id='word_1_65' title='bbox 1166 902 1537 974; x_wconf 77' lang='grc' dir='ltr'><em>θαυμάζομεν,</em></span> 
     </span>
     <span class='ocr_line' id='line_1_11' title="bbox 305 986 1507 1059; baseline 0.003 -19"><span class='ocrx_word' id='word_1_66' title='bbox 305 988 438 1055; x_wconf 80' lang='grc' dir='ltr'><em>πρὶν</em></span> <span class='ocrx_word' id='word_1_67' title='bbox 461 986 562 1057; x_wconf 77' lang='grc' dir='ltr'><em>μὲν</em></span> <span class='ocrx_word' id='word_1_68' title='bbox 587 987 797 1041; x_wconf 90' lang='grc' dir='ltr'><em>τέκνων</em></span> <span class='ocrx_word' id='word_1_69' title='bbox 821 992 935 1040; x_wconf 76' lang='grc' dir='ltr'><em>σῶν</em></span> <span class='ocrx_word' id='word_1_70' title='bbox 962 991 1187 1042; x_wconf 78' lang='grc' dir='ltr'><em>εἰσιδεῖν</em></span> <span class='ocrx_word' id='word_1_71' title='bbox 1212 991 1507 1059; x_wconf 72' lang='grc' dir='ltr'><em>ξυνωρίδα,</em></span> 
     </span>
     <span class='ocr_line' id='line_1_12' title="bbox 304 1056 1426 1142; baseline 0.001 -16"><span class='ocrx_word' id='word_1_72' title='bbox 304 1071 601 1142; x_wconf 76' lang='grc' dir='ltr'><em>πρόθυμον</em></span> <span class='ocrx_word' id='word_1_73' title='bbox 627 1067 726 1141; x_wconf 79' lang='grc' dir='ltr'><em>εἶχ’</em></span> <span class='ocrx_word' id='word_1_74' title='bbox 756 1067 1055 1141; x_wconf 81' lang='grc' dir='ltr'><em>ὀφθαλμὸν</em></span> <span class='ocrx_word' id='word_1_75' title='bbox 1083 1076 1159 1135; x_wconf 80' lang='grc' dir='ltr'><em>εἰς</em></span> <span class='ocrx_word' id='word_1_76' title='bbox 1188 1056 1426 1127; x_wconf 60' lang='grc' dir='ltr'><em>Ἰάσονα·</em></span> 
     </span>
     <span class='ocr_line' id='line_1_13' title="bbox 303 1153 1378 1227; baseline 0.002 -18"><span class='ocrx_word' id='word_1_77' title='bbox 303 1161 485 1210; x_wconf 83' lang='grc' dir='ltr'><em>ἔπειτα</em></span> <span class='ocrx_word' id='word_1_78' title='bbox 509 1157 693 1226; x_wconf 88' lang='grc' dir='ltr'><em>μέντοι</em></span> <span class='ocrx_word' id='word_1_79' title='bbox 720 1153 1140 1226; x_wconf 82' lang='grc' dir='ltr'><em>προυκαλύψατ’</em></span> <span class='ocrx_word' id='word_1_80' title='bbox 1169 1153 1378 1227; x_wconf 76' lang='grc' dir='ltr'><em>ὄμματα</em></span> 
     </span>
     <span class='ocr_line' id='line_1_14' title="bbox 305 1236 1455 1312; baseline 0.003 -19"><span class='ocrx_word' id='word_1_81' title='bbox 305 1239 511 1309; x_wconf 87' lang='grc' dir='ltr'><em>λευκην</em></span> <span class='ocrx_word' id='word_1_82' title='bbox 535 1236 582 1294; x_wconf 83' lang='grc' dir='ltr'><em>τ’</em></span> <span class='ocrx_word' id='word_1_83' title='bbox 614 1236 909 1311; x_wconf 77' lang='grc' dir='ltr'><em>ἄπέστρεψ’</em></span> <span class='ocrx_word' id='word_1_84' title='bbox 940 1246 1173 1310; x_wconf 82' lang='grc' dir='ltr'><em>ἔμπαλιν</em></span> <span class='ocrx_word' id='word_1_85' title='bbox 1197 1246 1455 1312; x_wconf 84' lang='grc' dir='ltr'><em>παρηίδα,</em></span> 
     </span>
     <span class='ocr_line' id='line_1_15' title="bbox 305 1320 1563 1398; baseline 0.002 -19"><span class='ocrx_word' id='word_1_86' title='bbox 305 1328 520 1379; x_wconf 85' lang='grc' dir='ltr'><em>παίδων</em></span> <span class='ocrx_word' id='word_1_87' title='bbox 544 1320 872 1398; x_wconf 79' lang='grc' dir='ltr'><em>μυσαχθεῑσ’</em></span> <span class='ocrx_word' id='word_1_88' title='bbox 902 1323 1176 1389; x_wconf 82' lang='grc' dir='ltr'><em>εἰσόδους·</em></span> <span class='ocrx_word' id='word_1_89' title='bbox 1204 1325 1360 1390; x_wconf 88' lang='grc' dir='ltr'><em>πόσις</em></span> <span class='ocrx_word' id='word_1_90' title='bbox 1385 1326 1445 1381; x_wconf 77' lang='grc' dir='ltr'><em>δὲ</em></span> <span class='ocrx_word' id='word_1_91' title='bbox 1470 1324 1563 1392; x_wconf 85' lang='grc' dir='ltr'><em>σὸς</em></span> 
     </span>
     <span class='ocr_line' id='line_1_16' title="bbox 309 1405 1285 1480; baseline 0.002 -17"><span class='ocrx_word' id='word_1_92' title='bbox 309 1405 474 1480; x_wconf 77' lang='grc' dir='ltr'><em>ὄργας</em></span> <span class='ocrx_word' id='word_1_93' title='bbox 499 1405 701 1480; x_wconf 82' lang='grc' dir='ltr'><em>αφῄρει</em></span> <span class='ocrx_word' id='word_1_94' title='bbox 725 1430 815 1463; x_wconf 91' lang='grc' dir='ltr'><em>και</em></span> <span class='ocrx_word' id='word_1_95' title='bbox 841 1413 1006 1479; x_wconf 87' lang='grc' dir='ltr'><em>χόλον</em></span> <span class='ocrx_word' id='word_1_96' title='bbox 1031 1412 1285 1475; x_wconf 77' lang='grc' dir='ltr'><em>νεάνιδος</em></span> 
     </span>
     <span class='ocr_line' id='line_1_17' title="bbox 304 1489 1503 1565; baseline 0.002 -18"><span class='ocrx_word' id='word_1_97' title='bbox 304 1494 478 1564; x_wconf 75' lang='grc' dir='ltr'><em>λέγων</em></span> <span class='ocrx_word' id='word_1_98' title='bbox 502 1490 653 1547; x_wconf 77' lang='grc' dir='ltr'><em>ταδ’·</em></span> <span class='ocrx_word' id='word_1_99' title='bbox 679 1489 745 1547; x_wconf 79' lang='grc' dir='ltr'><em>οὐ</em></span> <span class='ocrx_word' id='word_1_100' title='bbox 770 1491 842 1563; x_wconf 83' lang='grc' dir='ltr'><em>μὴ</em></span> <span class='ocrx_word' id='word_1_101' title='bbox 868 1492 1141 1563; x_wconf 81' lang='grc' dir='ltr'><em>δυσμενης</em></span> <span class='ocrx_word' id='word_1_102' title='bbox 1169 1499 1279 1548; x_wconf 88' lang='grc' dir='ltr'><em>ε’σει</em></span> <span class='ocrx_word' id='word_1_103' title='bbox 1304 1499 1503 1565; x_wconf 78' lang='grc' dir='ltr'><em>φίλοις,</em></span> 
     </span>
     <span class='ocr_line' id='line_1_18' title="bbox 303 1577 1564 1651; baseline 0.002 -20"><span class='ocrx_word' id='word_1_104' title='bbox 303 1577 502 1633; x_wconf 78' lang='grc' dir='ltr'><em>παύσει</em></span> <span class='ocrx_word' id='word_1_105' title='bbox 527 1577 588 1632; x_wconf 76' lang='grc' dir='ltr'><em>δὲ</em></span> <span class='ocrx_word' id='word_1_106' title='bbox 609 1582 800 1647; x_wconf 79' lang='grc' dir='ltr'><em>θυμοῦ</em></span> <span class='ocrx_word' id='word_1_107' title='bbox 828 1579 920 1632; x_wconf 84' lang='grc' dir='ltr'><em>καὶ</em></span> <span class='ocrx_word' id='word_1_108' title='bbox 944 1577 1110 1632; x_wconf 77' lang='grc' dir='ltr'><em>πάλιν</em></span> <span class='ocrx_word' id='word_1_109' title='bbox 1133 1580 1380 1647; x_wconf 75' lang='grc' dir='ltr'><em>στρέψεις</em></span> <span class='ocrx_word' id='word_1_110' title='bbox 1407 1578 1564 1651; x_wconf 74' lang='grc' dir='ltr'><em>κάρα,</em></span> 
     </span>
     <span class='ocr_line' id='line_1_19' title="bbox 302 1657 1510 1733; baseline 0.001 -17"><span class='ocrx_word' id='word_1_111' title='bbox 302 1668 498 1731; x_wconf 82' lang='grc' dir='ltr'><em>φίλους</em></span> <span class='ocrx_word' id='word_1_112' title='bbox 520 1657 792 1732; x_wconf 83' lang='grc' dir='ltr'><em>νομίζουσ’</em></span> <span class='ocrx_word' id='word_1_113' title='bbox 820 1658 1026 1732; x_wconf 73' lang='grc' dir='ltr'><em>οὕσπερ</em></span> <span class='ocrx_word' id='word_1_114' title='bbox 1053 1657 1121 1716; x_wconf 70' lang='grc' dir='ltr'><em>ἄν</em></span> <span class='ocrx_word' id='word_1_115' title='bbox 1146 1663 1301 1726; x_wconf 85' lang='grc' dir='ltr'><em>πόσις</em></span> <span class='ocrx_word' id='word_1_116' title='bbox 1325 1664 1510 1733; x_wconf 85' lang='grc' dir='ltr'><em>σέθεν,</em></span> 
     </span>
     <span class='ocr_line' id='line_1_20' title="bbox 301 1745 1396 1818; baseline 0 -18"><span class='ocrx_word' id='word_1_117' title='bbox 301 1748 441 1812; x_wconf 80' lang='grc' dir='ltr'><em>δέξει</em></span> <span class='ocrx_word' id='word_1_118' title='bbox 466 1746 526 1800; x_wconf 89' lang='grc' dir='ltr'><em>δε</em></span> <span class='ocrx_word' id='word_1_119' title='bbox 552 1751 703 1818; x_wconf 75' lang='grc' dir='ltr'><em>δῶρα</em></span> <span class='ocrx_word' id='word_1_120' title='bbox 731 1747 822 1801; x_wconf 82' lang='grc' dir='ltr'><em>καὶ</em></span> <span class='ocrx_word' id='word_1_121' title='bbox 847 1746 1168 1817; x_wconf 81' lang='grc' dir='ltr'><em>παραιτήσει</em></span> <span class='ocrx_word' id='word_1_122' title='bbox 1193 1745 1396 1818; x_wconf 86' lang='grc' dir='ltr'><em>πατρὸς</em></span> 
     </span>
     <span class='ocr_line' id='line_1_21' title="bbox 305 1827 1480 1936; baseline 0.002 -52"><span class='ocrx_word' id='word_1_123' title='bbox 305 1853 488 1901; x_wconf 81' lang='grc' dir='ltr'><em>φυγας</em></span> <span class='ocrx_word' id='word_1_124' title='bbox 514 1827 737 1901; x_wconf 77' lang='grc' dir='ltr'><em>ἀφεῖναι</em></span> <span class='ocrx_word' id='word_1_125' title='bbox 763 1832 915 1885; x_wconf 87' lang='grc' dir='ltr'><em>παισὶ</em></span> <span class='ocrx_word' id='word_1_126' title='bbox 940 1827 1104 1886; x_wconf 83' lang='grc' dir='ltr'><em>τοῖσδ’</em></span> <span class='ocrx_word' id='word_1_127' title='bbox 1134 1829 1269 1936; x_wconf 81' lang='grc' dir='ltr'><em>ε’μὴν</em></span> <span class='ocrx_word' id='word_1_128' title='bbox 1292 1854 1480 1903; x_wconf 86' lang='grc' dir='ltr'><em>χαριν;</em></span> 
     </span>
     <span class='ocr_line' id='line_1_22' title="bbox 303 1911 1403 1986; baseline 0.001 -17.002"><span class='ocrx_word' id='word_1_129' title='bbox 303 1911 331 1984; x_wconf 74' lang='grc' dir='ltr'>ἢ</span> <span class='ocrx_word' id='word_1_130' title='bbox 358 1912 410 1969; x_wconf 88' lang='grc' dir='ltr'><em>δ’</em></span> <span class='ocrx_word' id='word_1_131' title='bbox 441 1937 513 1978; x_wconf 90' lang='grc' dir='ltr'><em>ως</em></span> <span class='ocrx_word' id='word_1_132' title='bbox 537 1917 712 1971; x_wconf 80' lang='grc' dir='ltr'><em>ἐσεῖδε</em></span> <span class='ocrx_word' id='word_1_133' title='bbox 739 1915 973 1985; x_wconf 84' lang='grc' dir='ltr'><em>κόσμον,</em></span> <span class='ocrx_word' id='word_1_134' title='bbox 999 1938 1102 1971; x_wconf 88' lang='grc' dir='ltr'><em>ουκ</em></span> <span class='ocrx_word' id='word_1_135' title='bbox 1127 1913 1403 1986; x_wconf 78' lang='grc' dir='ltr'><em>ἠνέσχετο,</em></span> 
     </span>
     <span class='ocr_line' id='line_1_23' title="bbox 303 1958 1595 2072; baseline 0.002 -20"><span class='ocrx_word' id='word_1_136' title='bbox 303 1994 423 2053; x_wconf 74' lang='grc' dir='ltr'><em>ἀλλ’</em></span> <span class='ocrx_word' id='word_1_137' title='bbox 452 1996 604 2070; x_wconf 76' lang='grc' dir='ltr'><em>ᾔνεσ’</em></span> <span class='ocrx_word' id='word_1_138' title='bbox 634 1958 1023 2072; x_wconf 40' lang='grc' dir='ltr'><em>ανδρικπαντα·</em></span> <span class='ocrx_word' id='word_1_139' title='bbox 1051 2001 1143 2055; x_wconf 80' lang='grc' dir='ltr'><em>καὶ</em></span> <span class='ocrx_word' id='word_1_140' title='bbox 1167 2002 1300 2072; x_wconf 89' lang='grc' dir='ltr'><em>πριν</em></span> <span class='ocrx_word' id='word_1_141' title='bbox 1324 2003 1382 2055; x_wconf 84' lang='grc' dir='ltr'><em>ἐκ</em></span> <span class='ocrx_word' id='word_1_142' title='bbox 1409 2000 1595 2071; x_wconf 91' lang='grc' dir='ltr'><em>δόμων</em></span> 
     </span>
     <span class='ocr_line' id='line_1_24' title="bbox 299 2080 1530 2157; baseline 0.002 -20"><span class='ocrx_word' id='word_1_143' title='bbox 299 2083 516 2154; x_wconf 78' lang='grc' dir='ltr'><em>μακρὰν</em></span> <span class='ocrx_word' id='word_1_144' title='bbox 539 2080 756 2139; x_wconf 77' lang='grc' dir='ltr'><em>ἀπεῖναι</em></span> <span class='ocrx_word' id='word_1_145' title='bbox 780 2085 985 2157; x_wconf 78' lang='grc' dir='ltr'><em>πατέρα</em></span> <span class='ocrx_word' id='word_1_146' title='bbox 1009 2086 1100 2139; x_wconf 82' lang='grc' dir='ltr'><em>καὶ</em></span> <span class='ocrx_word' id='word_1_147' title='bbox 1125 2089 1322 2150; x_wconf 88' lang='grc' dir='ltr'><em>παῖδας</em></span> <span class='ocrx_word' id='word_1_148' title='bbox 1346 2086 1530 2156; x_wconf 84' lang='grc' dir='ltr'><em>σέθεν,</em></span> 
     </span>
     <span class='ocr_line' id='line_1_25' title="bbox 300 2166 1460 2240; baseline 0.003 -19"><span class='ocrx_word' id='word_1_149' title='bbox 300 2173 545 2238; x_wconf 87' lang='grc' dir='ltr'><em>λαβοῦσα</em></span> <span class='ocrx_word' id='word_1_150' title='bbox 571 2171 812 2233; x_wconf 81' lang='grc' dir='ltr'><em>πέπλους</em></span> <span class='ocrx_word' id='word_1_151' title='bbox 837 2175 1121 2234; x_wconf 77' lang='grc' dir='ltr'><em>ποικίλους</em></span> <span class='ocrx_word' id='word_1_152' title='bbox 1145 2166 1460 2240; x_wconf 81' lang='grc' dir='ltr'><em>ἠμπίσχετο,</em></span> 
     </span>
    </p>
   </div>
   <div class='ocr_carea' id='block_1_3' title="bbox 1040 624 1280 635">
    <p class='ocr_par' dir='ltr' id='par_1_3' title="bbox 1040 624 1280 635">
     <span class='ocr_line' id='line_1_26' title="bbox 1040 624 1280 635; baseline 0 2482"><span class='ocrx_word' id='word_1_153' title='bbox 1040 624 1280 635; x_wconf 95' lang='lat' dir='ltr'><em> </em></span> 
     </span>
    </p>
   </div>
   <div class='ocr_carea' id='block_1_4' title="bbox 1668 91 1762 140">
    <p class='ocr_par' dir='ltr' id='par_1_4' title="bbox 1668 91 1762 140">
     <span class='ocr_line' id='line_1_27' title="bbox 1668 91 1762 140; baseline 0 0"><span class='ocrx_word' id='word_1_154' title='bbox 1668 91 1762 140; x_wconf 79' lang='lat'><em>231</em></span> 
     </span>
    </p>
   </div>
   <div class='ocr_carea' id='block_1_5' title="bbox 1658 582 1771 625">
    <p class='ocr_par' dir='ltr' id='par_1_5' title="bbox 1658 582 1771 625">
     <span class='ocr_line' id='line_1_28' title="bbox 1658 582 1771 625; baseline 0.018 -2"><span class='ocrx_word' id='word_1_155' title='bbox 1658 582 1771 625; x_wconf 73' lang='lat'>1140</span> 
     </span>
    </p>
   </div>
   <div class='ocr_carea' id='block_1_6' title="bbox 1655 1006 1767 1048">
    <p class='ocr_par' dir='ltr' id='par_1_6' title="bbox 1655 1006 1767 1048">
     <span class='ocr_line' id='line_1_29' title="bbox 1655 1006 1767 1048; baseline 0.009 -1"><span class='ocrx_word' id='word_1_156' title='bbox 1655 1006 1767 1048; x_wconf 74' lang='lat'>1145</span> 
     </span>
    </p>
   </div>
   <div class='ocr_carea' id='block_1_7' title="bbox 1655 1426 1769 1468">
    <p class='ocr_par' dir='ltr' id='par_1_7' title="bbox 1655 1426 1769 1468">
     <span class='ocr_line' id='line_1_30' title="bbox 1655 1426 1769 1468; baseline 0 0"><span class='ocrx_word' id='word_1_157' title='bbox 1655 1426 1769 1468; x_wconf 79' lang='lat'>1150</span> 
     </span>
    </p>
   </div>
   <div class='ocr_carea' id='block_1_8' title="bbox 1654 1848 1764 1890">
    <p class='ocr_par' dir='ltr' id='par_1_8' title="bbox 1654 1848 1764 1890">
     <span class='ocr_line' id='line_1_31' title="bbox 1654 1848 1764 1890; baseline 0.018 -2"><span class='ocrx_word' id='word_1_158' title='bbox 1654 1848 1764 1890; x_wconf 81' lang='lat'>1155</span> 
     </span>
    </p>
   </div>
   <div class='ocr_carea' id='block_1_9' title="bbox 298 2251 1766 2325">
    <p class='ocr_par' dir='ltr' id='par_1_9' title="bbox 298 2251 1766 2325">
     <span class='ocr_line' id='line_1_32' title="bbox 298 2251 1766 2325; baseline 0.003 -18"><span class='ocrx_word' id='word_1_159' title='bbox 298 2257 543 2322; x_wconf 87' lang='grc' dir='ltr'><em>χρυσοῦν</em></span> <span class='ocrx_word' id='word_1_160' title='bbox 565 2276 623 2308; x_wconf 90' lang='grc' dir='ltr'><em>τε</em></span> <span class='ocrx_word' id='word_1_161' title='bbox 649 2262 812 2309; x_wconf 87' lang='grc' dir='ltr'><em>θεῖσα</em></span> <span class='ocrx_word' id='word_1_162' title='bbox 836 2256 1111 2325; x_wconf 76' lang='grc' dir='ltr'><em>στέφανον</em></span> <span class='ocrx_word' id='word_1_163' title='bbox 1146 2251 1286 2325; x_wconf 76' lang='grc' dir='ltr'><em>ἀμφὶ</em></span> <span class='ocrx_word' id='word_1_164' title='bbox 1310 2253 1632 2324; x_wconf 82' lang='grc' dir='ltr'><em>βοστρύχοις</em></span> <span class='ocrx_word' id='word_1_165' title='bbox 1656 2268 1766 2311; x_wconf 84' lang='grc'><strong>1160</strong></span> 
     </span>
    </p>
   </div>
   <div class='ocr_carea' id='block_1_10' title="bbox 299 2337 1510 2843">
    <p class='ocr_par' dir='ltr' id='par_1_10' title="bbox 299 2337 1510 2830">
     <span class='ocr_line' id='line_1_33' title="bbox 299 2337 1457 2412; baseline 0.002 -22"><span class='ocrx_word' id='word_1_166' title='bbox 299 2342 528 2411; x_wconf 75' lang='grc' dir='ltr'><em>λαμπρῷ</em></span> <span class='ocrx_word' id='word_1_167' title='bbox 555 2338 839 2412; x_wconf 75' lang='grc' dir='ltr'><em>κατόπτρῳ</em></span> <span class='ocrx_word' id='word_1_168' title='bbox 865 2345 1239 2410; x_wconf 82' lang='grc' dir='ltr'><em>σχηματίζεται</em></span> <span class='ocrx_word' id='word_1_169' title='bbox 1264 2337 1457 2409; x_wconf 87' lang='grc' dir='ltr'><em>κόμην,</em></span> 
     </span>
     <span class='ocr_line' id='line_1_34' title="bbox 301 2417 1339 2493; baseline 0.002 -19"><span class='ocrx_word' id='word_1_170' title='bbox 301 2417 515 2491; x_wconf 69' lang='grc' dir='ltr'><em>ἄψυχον</em></span> <span class='ocrx_word' id='word_1_171' title='bbox 541 2421 668 2477; x_wconf 76' lang='grc' dir='ltr'><em>εἰκώ</em></span> <span class='ocrx_word' id='word_1_172' title='bbox 695 2429 1052 2493; x_wconf 77' lang='grc' dir='ltr'><em>προσγελῶσα</em></span> <span class='ocrx_word' id='word_1_173' title='bbox 1078 2423 1339 2492; x_wconf 74' lang='grc' dir='ltr'><em>σώματος.</em></span> 
     </span>
     <span class='ocr_line' id='line_1_35' title="bbox 299 2500 1436 2576; baseline 0.003 -18"><span class='ocrx_word' id='word_1_174' title='bbox 299 2500 512 2560; x_wconf 69' lang='grc' dir='ltr'><em>κᾶπειτ’</em></span> <span class='ocrx_word' id='word_1_175' title='bbox 541 2503 802 2562; x_wconf 79' lang='grc' dir='ltr'><em>ἄναστᾶσ’</em></span> <span class='ocrx_word' id='word_1_176' title='bbox 831 2509 890 2560; x_wconf 84' lang='grc' dir='ltr'><em>ἐκ</em></span> <span class='ocrx_word' id='word_1_177' title='bbox 913 2506 1140 2576; x_wconf 84' lang='grc' dir='ltr'><em>θρόνων</em></span> <span class='ocrx_word' id='word_1_178' title='bbox 1167 2508 1436 2576; x_wconf 88' lang='grc' dir='ltr'><em>διέρχεται</em></span> 
     </span>
     <span class='ocr_line' id='line_1_36' title="bbox 301 2588 1510 2664; baseline 0.002 -22"><span class='ocrx_word' id='word_1_179' title='bbox 301 2589 520 2660; x_wconf 80' lang='grc' dir='ltr'><em>στέγας,</em></span> <span class='ocrx_word' id='word_1_180' title='bbox 549 2588 724 2662; x_wconf 82' lang='grc' dir='ltr'><em>ἁβρὸν</em></span> <span class='ocrx_word' id='word_1_181' title='bbox 747 2596 1019 2661; x_wconf 87' lang='grc' dir='ltr'><em>βαίνουσα</em></span> <span class='ocrx_word' id='word_1_182' title='bbox 1044 2590 1332 2664; x_wconf 79' lang='grc' dir='ltr'><em>παλλεύκςο</em></span> <span class='ocrx_word' id='word_1_183' title='bbox 1363 2594 1510 2661; x_wconf 89' lang='grc' dir='ltr'><em>ποδί,</em></span> 
     </span>
     <span class='ocr_line' id='line_1_37' title="bbox 299 2671 1442 2774; baseline 0.004 -48"><span class='ocrx_word' id='word_1_184' title='bbox 299 2672 510 2774; x_wconf 80' lang='grc' dir='ltr'><em>δώροις</em></span> <span class='ocrx_word' id='word_1_185' title='bbox 521 2671 956 2748; x_wconf 80' lang='grc' dir='ltr'><em>ὑπερχαίρουσα,</em></span> <span class='ocrx_word' id='word_1_186' title='bbox 985 2673 1159 2730; x_wconf 87' lang='grc' dir='ltr'><em>πολλα</em></span> <span class='ocrx_word' id='word_1_187' title='bbox 1183 2675 1442 2739; x_wconf 80' lang='grc' dir='ltr'><em>πολλάκις</em></span> 
     </span>
     <span class='ocr_line' id='line_1_38' title="bbox 300 2754 1412 2843; baseline 0.004 -33"><span class='ocrx_word' id='word_1_188' title='bbox 300 2754 510 2811; x_wconf 86' lang='grc' dir='ltr'><em>τένοντ’</em></span> <span class='ocrx_word' id='word_1_189' title='bbox 539 2761 592 2823; x_wconf 84' lang='grc' dir='ltr'><em>ἐς</em></span> <span class='ocrx_word' id='word_1_190' title='bbox 616 2755 794 2830; x_wconf 83' lang='grc' dir='ltr'><em>ὀρθὸν</em></span> <span class='ocrx_word' id='word_1_191' title='bbox 824 2756 1023 2829; x_wconf 90' lang='grc' dir='ltr'><em>όμμασι</em></span> <span class='ocrx_word' id='word_1_192' title='bbox 1047 2761 1412 2843; x_wconf 76' lang='grc' dir='ltr'><em>σκοπουμένῃ.</em></span> 
     </span>
    </p>
   </div>
   <div class='ocr_carea' id='block_1_11' title="bbox 301 2828 1508 2914">
    <p class='ocr_par' dir='ltr' id='par_1_11' title="bbox 301 2828 1482 2914">
     <span class='ocr_line' id='line_1_39' title="bbox 649 2828 726 2864; baseline 0 -15"><span class='ocrx_word' id='word_1_193' title='bbox 649 2828 726 2864; x_wconf 60' lang='lat'><em>,2-</em></span> 
     </span>
     <span class='ocr_line' id='line_1_40' title="bbox 301 2837 1508 2914; baseline 0.003 -20"><span class='ocrx_word' id='word_1_194' title='bbox 301 2837 608 2897; x_wconf 87' lang='grc' dir='ltr'><em>τουνθένδε</em></span> <span class='ocrx_word' id='word_1_195' title='bbox 631 2845 816 2913; x_wconf 79' lang='grc' dir='ltr'><em>μέντοι</em></span> <span class='ocrx_word' id='word_1_196' title='bbox 843 2840 1031 2898; x_wconf 85' lang='grc' dir='ltr'><em>δεινὸν</em></span> <span class='ocrx_word' id='word_1_197' title='bbox 1053 2844 1124 2913; x_wconf 79' lang='grc' dir='ltr'><em>ἠν</em></span> <span class='ocrx_word' id='word_1_198' title='bbox 1146 2840 1310 2914; x_wconf 87' lang='grc' dir='ltr'><em>θέαμ’</em></span> <span class='ocrx_word' id='word_1_199' title='bbox 1341 2848 1508 2898; x_wconf 84' lang='grc' dir='ltr'><em>ἰδεῖ·ν</em></span> 
     </span>
    </p>
   </div>
   <div class='ocr_carea' id='block_1_12' title="bbox 1652 2687 1761 2731">
    <p class='ocr_par' dir='ltr' id='par_1_12' title="bbox 1652 2687 1761 2731">
     <span class='ocr_line' id='line_1_41' title="bbox 1652 2687 1761 2731; baseline 0.018 -2"><span class='ocrx_word' id='word_1_200' title='bbox 1652 2687 1761 2731; x_wconf 77' lang='lat'><strong>1165</strong></span> 
     </span>
    </p>
   </div>
  </div>
 </body>
</html>
