2018 3117
218 106 322 156 392

290 239 390 308 μὲν
412 237 479 292 οὐ
508 236 751 307 φυλάξας
773 233 872 289 τὸν
893 233 1256 304 ἀνθρώπινον
1275 235 1468 307 νόμον,
1489 235 1569 306 ἐφ’
1594 231 1672 292 ῶν
1693 236 1752 292 δὲ
1773 236 1872 306 τὴν

290 317 463 389 ὀργὴν
484 317 850 386 λογοποιήσας
870 313 1003 370 οὐδὲ
1022 314 1169 384 παρὰ
1189 314 1290 385 τὴν
1311 319 1609 387 δυστυχίαν
1631 318 1873 388 ἐλεήσας.

476 498 972 550 ΑΡΙΣΤΟΦΑΝΟ
981 500 1080 547 ΥΣ
1116 497 1444 547 ΓΡΑΜΜΑ
1453 498 1683 548 ΤΙΚΟΤ

885 579 1281 629 ΥΠΟΘΕΣΙΣ.

245 702 271 749 5
423 690 793 760 Ἐπιστρατεία
813 697 912 744 τοῦ
930 696 1309 755 Πολυνείκους
1328 691 1460 760 μετὰ
1481 695 1591 744 τῶν
1617 688 1872 760 Ἀργείων

291 776 376 827 ἐπὶ
398 776 583 844 Θήβας
603 774 693 827 καὶ
714 770 957 827 ἀπώλεια
978 778 1088 826 τῶν
1111 771 1370 841 ἀδελφῶν
1383 777 1765 836 Πολυνείκους
1783 775 1867 826 καὶ

278 854 619 919 Ἐτεοκλέους
640 856 729 908 καὶ
749 855 990 918 θάνατος
1015 851 1298 924 Ἰοκάστης.
1321 852 1353 923 ἡ
1376 859 1682 923 μυθοποιία
1699 864 1870 907 κεῖται

286 935 414 1002 παρ’
438 935 694 1008 Αἰσχύλῳ
716 937 775 989 ἐν
799 933 960 1005 Ἑπτά
983 938 1069 989 ἐπὶ
1097 936 1281 1005 Θήβας
1303 936 1446 1004 πλὴν
1466 940 1560 1004 τῆς
1583 933 1870 1004 Ἰοκάστης.

285 1017 372 1070 ἐπὶ
398 1016 823 1085 Ναυσικράτους
853 1015 1114 1085 ἄρχοντος
1151 1019 1408 1085 δεύτερος
1439 1016 1747 1085 Εὐριπίδης
1774 1038 1873 1070 κα-

216 1112 270 1154 10
284 1102 424 1166 θῆκε
445 1100 801 1152 διδασκαλίαν
831 1099 953 1164 περὶ
974 1098 1192 1151 τούτου.
1227 1099 1315 1152 καὶ
1337 1098 1440 1167 γάρ
1465 1104 1635 1151 ταῦτα
1656 1095 1683 1152 ὁ
1706 1099 1869 1152 Οἰνό-

285 1199 418 1246 μαος
439 1179 527 1231 καὶ
555 1177 884 1245 Χρύσιππος
905 1179 994 1231 καὶ
1024 1178 1263 1244 σώζεται.
1297 1177 1324 1234 ὁ
1362 1177 1521 1249 χορὸς
1540 1182 1873 1248 συνέστηκεν

286 1261 342 1313 ἐκ
364 1265 680 1314 Φοινισσῶν
706 1265 1007 1328 γυναικῶν.
1031 1266 1341 1330 προλογίζει
1370 1263 1428 1316 δὲ
1446 1259 1702 1331 Ἰοκάστη.

422 1348 761 1410 Περιπαθεῑς
820 1339 960 1411 ἄγαν
1015 1346 1073 1397 αἱ
1123 1349 1416 1398 Φοίνισσαι
1472 1349 1536 1415 τῇ
1583 1347 1871 1417 τραγῳδίᾳ.

284 1422 530 1477 ἀπώλετο
559 1424 661 1492 γὰρ
694 1422 720 1478 ὁ
755 1426 1031 1491 Κρέοντος
1061 1425 1182 1490 υίὸς
1214 1424 1319 1480 ἀπὸ
1352 1432 1454 1481 τοῦ
1493 1431 1704 1496 τείχους
1733 1424 1873 1494 ὑπὲρ

219 1521 266 1561 15
282 1511 374 1574 τῆς
396 1508 604 1570 πόλεως
633 1505 963 1561 ἀποθανών·
1006 1505 1292 1563 ἀπέθανον
1318 1507 1376 1562 δὲ
1408 1508 1497 1562 καὶ
1517 1509 1572 1560 οἱ
1588 1506 1690 1560 δύο
1713 1506 1869 1561 ἀδελ-

284 1590 379 1654 φοὶ
409 1584 496 1640 ὑπ’
531 1585 809 1658 ἀλλήλων,
852 1591 942 1642 καὶ
974 1587 1270 1658 Ἰοκάστηὴ
1303 1589 1478 1659 μήτηρ
1508 1586 1724 1642 ἀνεῖλεν
1745 1589 1868 1641 ἑαυ-

282 1668 383 1739 τὴν
412 1673 498 1724 ἐπὶ
525 1682 636 1735 τοῖς
664 1677 844 1742 παισί,
893 1674 982 1725 καὶ
1016 1676 1070 1726 οἰ
1087 1674 1172 1726 ἐπὶ
1201 1673 1385 1742 Θήβας
1405 1671 1872 1742 στρατευσάμενοι

277 1747 508 1818 Ἀργεῖοι
529 1750 835 1822 ἀπώλοντο,
858 1755 946 1806 καὶ
969 1752 1178 1823 ἄταφος
1201 1759 1541 1822 Πολυνείκης
1564 1752 1872 1821 πρόκειται,

282 1834 369 1885 καὶ
391 1831 417 1886 ὁ
446 1838 710 1898 Οἰδίπους
743 1840 836 1904 τῆς
858 1840 1116 1903 πατρίδος
1146 1835 1463 1905 ἐκβάλλεται
1485 1835 1575 1888 καὶ
1596 1832 1702 1887 σὺν
1724 1831 1870 1904 αὐτῷ

210 1911 314 1982 2Οὴ
336 1916 588 1984 θυγάτηρ
615 1914 917 1987 Ἀντιγόνη.
953 1922 1066 1971 ἔστι
1096 1917 1154 1971 δὲ
1185 1916 1243 1972 τὸ
1278 1921 1456 1987 δρᾶμα
1477 1919 1566 1970 καὶ
1587 1914 1862 1984 πολυπρό·

285 2011 473 2049 σωπον
495 1999 584 2050 καὶ
605 2004 846 2067 γνωμῶν
868 1999 1068 2068 μεστὸν
1092 2005 1314 2053 πολλῶν
1336 2021 1392 2053 τε
1418 1999 1508 2053 καὶ
1529 2003 1730 2052 καλῶν.

430 2076 499 2132 Τὸ
527 2081 706 2147 δρᾶμά
729 2082 838 2133 ἐστι
860 2080 961 2149 μὲν
979 2092 1093 2145 ταῖς
1111 2092 1393 2149 σκηνικαῑς
1407 2079 1564 2145 ὄψεσι
1579 2080 1872 2133 κάλλιστον

281 2158 397 2210 ἐπεὶ
435 2159 524 2211 καὶ
554 2164 1144 2229 παραπληρωματικόν.
1186 2160 1221 2230 ἤ
1258 2183 1314 2215 τε
1354 2160 1458 2215 ἀπὸ
1501 2166 1612 2214 τῶν
1650 2163 1872 2230 τειχέων

277 2234 564 2308 Ἀντιγόνη
599 2247 895 2310 θεωροῦσα
936 2246 1098 2311 μέρος
1141 2242 1245 2297 οὐκ
1290 2248 1402 2297 ἔστι
1443 2245 1741 2314 δράματος,
1781 2243 1869 2296 καὶ

209 2333 263 2374 25
283 2316 635 2385 ὑπόσπονδος
667 2328 1013 2392 Πολυνείκης
1041 2321 1271 2388 οὐδενὸς
1305 2326 1464 2378 ἕνεκα
1496 2330 1868 2394 παραγίνεται,

281 2399 312 2454 ὅ
349 2423 405 2455 τε
443 2405 531 2456 ἐπὶ
570 2409 701 2457 πᾶσι
742 2403 858 2474 μετ’
902 2404 1046 2478 ᾠδῆς
1085 2404 1385 2476 ἀδολέσχου
1417 2408 1869 2476 φυγαδευόμενος

285 2488 550 2548 Οἰδίπους
573 2490 966 2558 προσέρριπται
988 2487 1080 2542 διὰ
1101 2495 1279 2557 κενῆς.

414 2564 812 2638 Ἀρπασθείσης
865 2568 1142 2639 Εὐρώπης
1195 2568 1304 2625 ὑπὸ
1366 2572 1504 2635 Διὸς
1564 2573 1867 2640 γενομένου

286 2647 496 2717 ταύρου
535 2653 624 2703 καὶ
662 2657 1153 2723 μετακομισθείσης
1192 2651 1296 2706 ἀπὸ
1339 2658 1602 2722 Φοινίκης
1643 2653 1734 2707 διὰ
1758 2660 1858 2706 θα-

207 2742 266 2784 30
285 2730 481 2799 λάττης
529 2735 602 2795 εἰς
651 2733 903 2802 Κρήτην,
965 2732 991 2787 ὁ
1044 2735 1144 2804 μὲν
1189 2732 1366 2803 πατὴρ
1412 2731 1582 2803 αὐτῆς
1623 2732 1864 2802 Ἀγήνωρ

280 2814 485 2878 ἔπεμψε
521 2809 618 2865 τὸν
656 2811 782 2866 υἱὸν
813 2815 1042 2886 Κάδμον
1086 2819 1161 2875 εἰς
1203 2815 1422 2885 ζήτησιν
1461 2820 1557 2885 τῆς
1594 2813 1761 2884 κόρης
1788 2817 1853 2867 εἶ’
