2018 3117
114 1014 156 1061 E
165 1014 220 1061 T.

108 1603 216 1651 KP.

112 1857 155 1905 Ε
163 1858 219 1905 T.

108 2111 216 2160 ΚΡ.

112 2449 154 2497 Ε
163 2449 219 2497 Τ.

105 2533 215 2581 ΚΡ.

105 2618 153 2666 Ε
163 2619 218 2666 Τ.

111 2702 214 2750 KP.

108 2871 153 2918 E
162 2871 217 2918 T.

760 106 1141 153 ΦΟΙΝΙΣΣΑΙ

300 252 440 318 βᾶθι
465 252 603 318 βᾶθι
628 245 793 302 τάνδε
818 252 924 317 γᾶν
940 265 951 275 ·

300 337 392 387 σοί
411 354 502 386 νιν
532 337 749 402 ἔκγονοι
773 336 982 401 κτίσαν,

298 413 367 471 ἃν
393 415 661 486 διώνυμοι
686 421 835 485 θεαί,
1504 416 1620 472 dvc.

299 502 667 571 Περσέφασσα
693 500 785 554 καὶ
812 505 946 570 φίλα

300 583 566 655 Δαμάτηρ
591 583 714 653 θεά,

298 669 522 725 πάντων
547 665 784 735 ἄνασσα,
813 666 1037 722 πάντων
1064 668 1125 724 δὲ
1148 674 1230 724 Γᾶ
1253 673 1471 741 τροφός,

300 753 620 823 ἐκτήσαντο·
653 754 829 821 πέμπε
854 751 1180 824 πυρφόρους

300 836 462 905 θεάς,
489 834 667 906 ἄμυνε
692 839 822 909 τᾷδε
846 841 943 908 γᾷ·

298 922 475 977 πάντα
501 918 555 976 δ’
586 918 786 990 εὐπετῆ
811 928 980 984 θεοῖς.

293 1006 459 1079 χώρει
484 1004 553 1060 σὺ
581 1007 672 1060 καὶ
696 1004 879 1074 κόμιζε
904 1003 1002 1060 τὸν
1025 1007 1348 1070 Μενοικέως

298 1087 551 1162 Κρέοντ’,
578 1087 826 1159 ἀδελφὸν
850 1088 1052 1161 μητρὸς
1069 1087 1340 1161 Ἰοκάστης
1366 1093 1511 1161 ἐμῆς,

299 1177 475 1246 λέγων
499 1172 641 1245 τάδ’,
670 1171 740 1240 ὡς
763 1178 937 1229 οἰκεῖα
960 1176 1052 1229 καὶ
1075 1172 1234 1229 κοινὰ
1255 1174 1459 1245 χθονὸς

297 1263 446 1315 θέλω
473 1258 609 1331 πρὸς
633 1257 805 1315 αὐτὸν
829 1265 1133 1330 συμβαλεῖν
1156 1259 1522 1330 βουλεύματα,

298 1346 431 1415 πρὶν
457 1349 532 1408 εἰς
555 1345 734 1416 μάχην
758 1366 816 1398 τε
840 1345 932 1398 καὶ
956 1342 1118 1416 δορὸς
1141 1343 1294 1409 τάξιν
1316 1351 1522 1415 μολεῖν.

296 1435 475 1483 καίτοι
499 1434 688 1485 ποδῶν
712 1434 826 1484 σῶν
851 1427 1067 1499 μόχθον
1096 1428 1279 1484 ἐκλύει
1304 1428 1523 1500 παρεόν

300 1510 412 1584 ὁρῶ
437 1536 541 1584 γαρ
567 1511 740 1569 αὐτὸν
766 1512 902 1584 πρὸς
928 1512 1132 1583 δόμους
1158 1510 1423 1583 στειχοντ’
1454 1512 1631 1583 ἐμούς.

295 1599 328 1667 ή
355 1595 514 1653 πόλλ’
541 1601 790 1669 ἐπῆλθον
817 1602 1044 1653 εἰσιδεῖν
1067 1597 1278 1670 χρῄζων
1305 1595 1356 1652 σ’
1364 1595 1537 1668 ,άναξ

293 1679 620 1747 Ἐτεόκλεες
647 1685 800 1753 πέριξ
828 1683 887 1738 δε
910 1687 1208 1753 Καδμειων
1233 1682 1408 1747 πύλας

299 1766 550 1838 φύλακάς
574 1765 623 1822 τ’
654 1769 901 1838 ἐπῆλθον
927 1766 1028 1822 σὸν
1052 1770 1218 1838 δέμας
1241 1766 1582 1838 θηρώμενος.

291 1853 384 1906 καὶ
408 1850 517 1923 μὴν
542 1850 647 1922 ἐγώ
675 1849 727 1907 σ’
757 1858 981 1924 ἔχρῃζον
1008 1857 1260 1921 εἰσιδεῖν,
1288 1854 1496 1923 Κρέον’

298 1942 480 2010 πολλῷ
509 1935 612 2008 γὰρ
635 1928 809 2008 ηὗρον
839 1940 1044 2000 ἐνδεεῖς
1072 1936 1384 2008 διαλλαγάς,

301 2017 372 2084 ὥς
400 2026 474 2086 είς
500 2020 699 2091 λόγους
724 2027 945 2092 συνῆψα
968 2027 1302 2077 Πολυνείκει
1324 2020 1524 2091 μολών.

292 2102 505 2175 ἤκουσα
534 2112 718 2177 μεῖζον
744 2102 916 2161 αὐτὸν
939 2101 975 2176 ἢ
1000 2105 1183 2177 Θήβας
1210 2118 1462 2178 φρονεῖν,

294 2189 452 2261 κήδει
478 2187 527 2245 τ’
557 2188 858 2262 Ἀδράστου
883 2192 976 2245 καὶ
1000 2197 1211 2292 στρατῷ
1238 2189 1562 2246 πεποιθότα.

297 2271 419 2329 ἀλλ’
449 2280 523 2340 είς
547 2274 719 2340 θεους
742 2275 845 2346 χρὴ
871 2272 1025 2330 ταῦτ’
1055 2272 1423 2347 ἀναρτήσαντ’
1452 2280 1622 2344 ε’·χειν

300 2382 334 2413 α
358 2356 409 2413 δ’
440 2359 695 2430 ἐμποδών
719 2359 978 2431 μάλιστα,
1008 2357 1177 2414 ταῦθ’
1207 2356 1321 2460 η’κω
1349 2358 1595 2431 φράσων.

292 2466 358 2498 τα
382 2456 510 2499 ποῖα
533 2451 734 2510 ταῦτα;
760 2443 858 2499 τὸν
881 2443 1051 2514 λόγον
1075 2441 1179 2515 γὰρ
1207 2440 1405 2514 ἆγνοω.

293 2523 416 2597 ἥκει
444 2552 524 2593 τις
552 2528 891 2601 αἰχμάλωτος
910 2525 1180 2600 ’Λργείων
1199 2527 1362 2600 πάρα.

509 2611 977 2637 xxxxxx
1093 2611 1105 2626 t

293 2699 534 2766 [μέλλειν
560 2700 712 2767 πέριξ
739 2700 1000 2767 πύργοισι
1019 2703 1306 2767 Καδμείων
1324 2699 1510 2771 πόλιν]

295 2779 482 2845 ὅπλοις
507 2783 706 2848 ἑλίξειν
729 2777 915 2836 αὐτίκ’
939 2778 1205 2851 Ἀργείων
1228 2779 1482 2850 στρατόν.

291 2866 557 2931 ἐξοιστέον
583 2862 703 2936 τᾶρ’
733 2862 874 2921 ὅπλα
898 2870 1195 2935 Καδμείων
1219 2864 1391 2921 πόλει.

1659 104 1758 157 421

1678 597 1761 642 685

1679 1019 1763 1064 690

1680 1441 1761 1485 695

1682 1865 1765 1908 700

1683 2288 1764 2331 705

1682 2710 1766 2754 710
