2018 3117
197 85 215 135 l
227 84 295 135 40
925 83 1064 131 mlv

384 222 596 281 τοιάσδ’
617 244 627 253 ·
655 222 823 288 ἁλοὺς
844 223 946 295 μὲν
971 220 1197 295 ἀνέφερ’
1229 229 1304 288 εἰς
1328 222 1425 279 τὸν
1450 227 1702 295 δαίμονα,

383 308 578 366 λαθῶν
604 309 665 365 δὲ
688 310 780 365 καὶ
805 307 903 365 τὸν
923 307 1126 380 χρόνον
1150 304 1464 378 ἀμύνεσθαι
1486 311 1673 364 θέλων

382 391 670 465 τυραννίδ’
699 391 850 468 αὐτῷ
873 399 1191 465 περιβαλεῖν
1217 398 1406 464 ἔμελλε
1432 400 1547 464 γῆς.

385 477 581 535 καινὸν
605 479 666 534 δὲ
689 475 914 550 τοῦνομ’
945 475 1050 533 ἀνὰ
1075 477 1278 549 χρόνον
1302 480 1702 550 πεπλασμένον,
1764 491 1848 535 830

367 562 522 634 Ἴων,
553 563 694 620 ἰόντι
718 569 894 636 δῆθεν
919 561 1001 619 ὅτι
1025 563 1342 635 συνήντετο.

199 656 314 705 XO.
385 657 559 719 οἴμοι,
578 649 932 722 πανούργους
957 645 1162 719 ἄνδρας
1189 645 1260 713 ῶς
1286 645 1371 703 ἀεὶ
1395 654 1596 719 στυγῶ,

389 740 446 790 οἳ
464 736 820 798 συντιθέντες
842 730 1024 789 τᾶδικ’
1057 733 1169 789 εἶτα
1192 739 1431 804 μηχανὰς

388 825 669 889 κοσμοῦσι.
707 825 926 890 φαῦλον
949 816 1184 891 χρηστὸν
1209 814 1277 873 ἂν
1301 825 1491 890 λαβεῖν
1519 823 1685 889 φίλον

390 904 610 977 θέλοιμι
633 909 842 977 μᾶλλον
865 899 899 974 ἢ
925 902 1097 959 κακὸν
1121 904 1458 976 σοφώτερον.
1768 916 1851 960 835

205 995 353 1045 ΠΑΙ.
387 990 480 1044 καὶ
504 988 674 1046 τῶνδ’
704 987 964 1046 ἁπάντων
990 996 1216 1059 ἔσχατον
1240 995 1416 1045 πείσει
1441 987 1640 1044 κακόν·

389 1071 639 1147 ἀμήτορ’,
670 1073 1076 1147 ἀναρίθμητον,
1105 1077 1164 1129 ἐκ
1189 1073 1389 1145 δούλης
1417 1071 1565 1137 τινὸς

390 1161 682 1230 γυναικός,
711 1166 785 1224 εἰς
810 1158 909 1215 σὸν
939 1165 1093 1229 δῶμα
1119 1156 1437 1229 δεσπότην’
1417 1157 1553 1229 ἀγει

391 1242 605 1300 ἁπλοῦν
632 1269 701 1300 αν
726 1247 795 1316 ἡν
820 1243 923 1314 γὰρ
950 1245 1009 1300 τὸ
1035 1243 1233 1314 κακόν,
1263 1249 1313 1299 εἰ
1334 1241 1464 1316 παρ’
1495 1240 1759 1314 εὐγενοῦς

390 1328 618 1400 μητρός,
646 1327 834 1385 πιθών
859 1348 947 1399 σε,
975 1327 1080 1400 σὴν
1103 1287 1281 1400 λε’γῶν
1307 1326 1588 1397 ἀπαιδίαν,
1770 1340 1853 1383 840

391 1411 609 1489 ε’σςόκισ’
639 1423 853 1478 οἴκους·
882 1373 947 1470 εί,
953 1415 1014 1470 δὲ
1038 1415 1124 1468 σοὶ
1149 1411 1266 1469 τόδ’
1296 1406 1364 1486 ἦν
1392 1412 1607 1485 πικρόν,

389 1505 501 1554 τῶν
525 1499 734 1555 Αἰόλου
759 1523 851 1554 νιν
876 1507 1015 1570 χρῆν
1041 1497 1343 1570 ὀρεχθῆναι
1366 1499 1572 1570 γάμων.

392 1586 450 1639 ἐκ
476 1588 652 1639 τῶνδε
677 1589 767 1640 δεῖ
786 1602 845 1640 σε
872 1583 938 1656 δὴ
966 1584 1287 1655 γυναικεῖόν
1311 1608 1362 1639 τι
1388 1588 1553 1656 δρᾶν·

391 1692 422 1739 η
450 1692 553 1741 γαρ
579 1672 737 1739 ξίφος
760 1675 1045 1740 λαβοῦσαν
1069 1664 1103 1738 ἦ
1128 1668 1272 1743 δόλῳ
1298 1692 1407 1724 τινι

391 1749 425 1824 ἦ
451 1753 788 1826 φαρμάκοισι
811 1753 912 1809 σὸν
935 1767 1284 1810 κατακτεῖναι
1311 1753 1474 1809 πόσιν
1773 1766 1857 1810 845

390 1840 483 1893 και
507 1844 701 1908 παῖδα,
741 1840 873 1909 πρὶν
897 1841 983 1895 σοι
1007 1838 1254 1895 θανατον
1281 1841 1338 1893 ἐκ
1367 1844 1569 1894 κείνων
1595 1844 1799 1909 μολεῖν.

394 1927 468 1989 [εί
487 1922 590 1994 γάρ
616 1921 671 1995 γ’
702 1920 934 1995 ὑφήσεις
958 1922 1135 1995 τοῦδ’,
1164 1922 1459 1990 ἀπαλλάξει
1484 1929 1638 1994 βίου·

393 2012 555 2063 δυοῖν
580 2008 683 2079 γὰρ
709 2012 934 2079 ἐχθροῖν
962 2015 1037 2074 είς
1063 2033 1124 2066 εν
1149 2009 1441 2065 ἐλθόντοιν
1466 2010 1668 2079 στέγος,

392 2088 426 2198 η’
451 2093 722 2197 &tiz-‹9902›-
717 2098 806 2148 δεῖ
825 2089 1181 2165 δυστυχεῖν
1148 2118 1178 2166 η
1206 2093 1482 2165 θατερον.]

397 2176 502 2248 ε’γῶ
529 2201 629 2249 μεν
654 2171 758 2233 οῦν
784 2196 870 2234 σοι
892 2182 985 2234 και
1008 2191 1373 2235 συνεκπονεῖν
1398 2179 1565 2248 θέλω,
1777 2188 1860 2233 850

396 2265 488 2318 καὶ
512 2262 893 2334 συμφονεύειν
917 2260 1072 2319 παῖδ’
1103 2261 1446 2319 ἐπεισελθῶν
1474 2262 1663 2333 δόμοις

397 2340 467 2403 οῦ
495 2344 651 2403 δαῖθ’
682 2345 916 2419 ὁπλίζει,
942 2351 1034 2404 καὶ
1057 2361 1287 2420 τροφεῖα
1313 2347 1602 2412 δεσπόταις

399 2429 640 2498 ἀποδοὺς
668 2442 868 2489 θανεῖν
891 2457 948 2489 τε
971 2440 1078 2502 ζῶν
1102 2455 1158 2487 τε
1184 2434 1387 2503 φέγγος
1416 2438 1654 2504 εἰσορᾶν.

343 2513 415 2658 l
401 2540 462 2572 εν
488 2518 591 2589 γάρ
618 2542 668 2573 τι
694 2532 807 2583 τοῖς
834 2519 1120 2574 δούλοισιν
1143 2517 1412 2588 αἰσχύνην
1438 2519 1613 2588 φέρει,

397 2599 667 2673 τοῦνομα·
694 2603 760 2659 τὰ
788 2601 841 2659 δ’
873 2601 1010 2659 ἀλλα
1035 2602 1211 2659 πάντα
1235 2607 1346 2656 τῶν
1371 2604 1688 2673 ἐλευθέρων
1782 2614 1866 2658 855

401 2683 569 2742 οὐδεν
611 2695 817 2742 κακίων
848 2693 1073 2758 δοῦλος,
1102 2684 1247 2751 ὅστις
1274 2685 1472 2751 ἐσθλὸς
1495 2688 1546 2758 ᾑ.

215 2777 327 2827 XO.
397 2768 578 2842 κάγώ,
605 2778 739 2844 φίλη
766 2775 1054 2843 δέσποινα,
1081 2791 1377 2843 συμφοραν
1400 2773 1549 2826 θέλω

403 2859 737 2928 κοινουμένη
762 2855 919 2929 τήνδ’
951 2854 983 2928 ἦ
1009 2865 1207 2913 θανεῖν
1233 2852 1266 2926 ἢ
1292 2861 1387 2926 ζῆν
1411 2863 1605 2919 καλῶς.
