2018 3117
175 112 273 164 114
951 114 1086 162 ΙΩΝ

364 261 563 319 ταμίαν
591 276 646 308 τε
674 251 900 309 πάντων
924 254 1146 324 πιστόν,
1178 257 1238 310 ἐν
1264 253 1317 310 δ’
1348 253 1671 329 ἀνακτόροις

367 345 505 396 θεοῦ
533 343 732 410 καταζῇ
759 335 918 410 δεῦρ’
955 335 1041 394 ἀεὶ
1067 337 1273 411 σεμνὸν
1297 347 1439 411 βίον.

375 427 621 497 Κρέουσα
646 420 698 478 δ’
728 420 761 494 ἡ
791 429 1028 479 τεκοῦσα
1049 423 1146 480 τὸν
1170 430 1401 480 νεανίαν

362 510 568 583 Ξούθῳ
593 521 843 579 γαμεῖται
870 515 1157 580 συμφορᾶς
1183 507 1391 565 τοιᾶσδ’
1422 506 1547 566 ὕπο.

366 589 434 665 ἦν
458 607 573 659 ταῖς
594 590 855 664 Ἀθήναις
880 606 992 659 τοῖς
1017 617 1074 650 τε
1098 598 1597 666 Χαλκωδοντίδαις,

365 686 422 735 οἳ
440 685 546 752 γῆν
573 675 754 749 ἔχουσ’
783 675 1063 749 Εὐβοῖδα,
1092 681 1347 749 πολέμιος
1372 679 1624 735 κλύδων·

367 761 433 820 ὃν
459 762 814 836 συμπονήσας
841 764 933 818 καὶ
959 762 1265 830 ξυνεξελων
1291 766 1414 835 δορὶ

366 850 559 921 γάμων
583 847 869 919 Κρεούσης
898 845 1090 919 ἀξίωμ’
1122 851 1355 918 ἐδέξατο,

369 932 471 990 οὐκ
499 932 723 1005 ἐγγενὴς
751 930 856 1003 ὤν,
884 933 1095 988 Λίόλου
1123 933 1184 988 δὲ
1211 940 1309 989 τοῦ
1339 933 1476 998 Διὸς

368 1017 541 1091 γεγως
570 1015 806 1088 Ἀχαιός·
833 1017 1026 1088 χρόνια
1054 1018 1114 1074 δὲ
1138 1024 1364 1090 σπείρας
1389 1020 1515 1090 λέχη

369 1101 596 1169 ἄτεκνός
623 1106 751 1173 ἐστι,
780 1105 873 1158 καὶ
896 1100 1136 1173 Κρέουσ’
1156 1121 1166 1131 ·
1197 1095 1275 1158 ‹51›
1318 1108 1503 1159 εἵνεκα

370 1185 567 1260 ἥκουσι
593 1187 728 1258 πρὸς
756 1185 967 1258 μαντεῖ’
990 1185 1332 1251 ’Λπόλλωνος
1359 1187 1505 1257 τάδε,

372 1280 533 1344 ἔρωτι
558 1278 790 1328 παίδων.
815 1275 1012 1339 Λοξίας
1042 1272 1103 1327 δὲ
1129 1270 1228 1342 τὴν
1254 1271 1425 1343 τύχην

374 1364 449 1424 εἰς
477 1354 629 1413 τοῦτ’
659 1357 908 1427 ἐλαύνει,
935 1354 1038 1413 κού
1065 1358 1336 1428 λέληθεν,
1365 1354 1436 1423 ὡς
1466 1361 1635 1413 δοκεῖ.

371 1443 539 1500 δώσει
565 1440 668 1515 γὰρ
696 1442 1007 1499 εἰσελθόντι
1032 1455 1292 1513 μαντεῖον
1317 1442 1445 1499 τόδε

370 1527 574 1603 Ξούθῳ
601 1525 699 1584 τὸν
721 1524 897 1583 αὑτοῦ
923 1532 1119 1596 παῖδα,
1145 1529 1237 1582 καὶ
1265 1529 1577 1599 πεφυκέναι

371 1620 562 1670 κείνου
588 1630 694 1685 σφε
719 1613 910 1685 φήσει,
938 1611 1142 1683 μητρὸς
1174 1609 1244 1677 ως
1273 1610 1457 1667 ἐλθών
1482 1612 1687 1683 δόμους

374 1703 606 1771 γνωσθῇ
631 1696 916 1769 Κρεούσῃ,
949 1699 1041 1752 καὶ
1065 1695 1228 1768 γάμοι
1253 1719 1310 1751 τε
1333 1699 1536 1762 Λοξίου

371 1784 606 1854 κρυπτοὶ
629 1783 899 1854 γένωνται
922 1794 1046 1847 παῖς
1071 1778 1120 1836 τ’
1149 1788 1240 1853 ἔχῃ
1268 1780 1333 1836 τὰ
1359 1780 1666 1853 πρόσφορα.

358 1864 525 1923 Ἴωνα
552 1863 604 1923 δ’
633 1863 836 1936 αὐτόν,
862 1863 1102 1937 κτίστορ’
1129 1863 1377 1932 ’Λσιάδος
1407 1865 1627 1937 χθονός,

371 1947 548 2023 ὄνομα
574 1958 881 2024 κεκλῆσθαι
902 1950 1132 2024 θήσεται
1158 1948 1291 2006 καθ’
1315 1948 1559 2006 Ἐλλάδα.

371 2034 489 2092 ἀλλ’
527 2042 602 2103 εἰς
625 2036 895 2109 δαφνώδη
921 2036 1097 2108 γύαλα
1127 2035 1363 2108 βήσομαι
1389 2035 1535 2104 τάδε,

373 2120 433 2178 τὸ
461 2122 710 2193 κρανθὲν
736 2119 808 2188 ὡς
833 2117 902 2177 ἂν
927 2120 1151 2193 ἐκμάθω
1179 2120 1372 2187 παιδὸς
1400 2121 1540 2191 πέρι.

373 2204 485 2278 ὁρῶ
517 2206 620 2278 γὰρ
650 2210 976 2279 ἐκβαίνοντα
998 2210 1200 2273 Λοξίου
1227 2206 1396 2276 γόνον

371 2289 547 2362 τόνδ’,
574 2290 646 2358 ὡς
670 2290 775 2363 πρὸ
801 2298 940 2347 ναοῦ
971 2290 1191 2363 λαμπρὰ
1215 2297 1294 2364 θῇ
1318 2289 1618 2362 πυλώματα

375 2376 591 2448 δάφνης
615 2376 918 2432 κλάδοισιν.
952 2373 1128 2448 ὄνομα
1156 2373 1232 2445 δ’,
1259 2376 1325 2431 οὑ
1350 2377 1534 2446 μέλλει
1562 2385 1748 2446 τυχεῖν

305 2461 322 2517 s
359 2458 509 2517 Ἴων’
540 2460 646 2532 ἐγώ
676 2480 782 2532 σφε
808 2467 1021 2531 πρῶτος
1048 2459 1293 2532 ὀνομάζω
1321 2466 1491 2515 θεῶν.

188 2553 347 2602 ΙΩΝ.
374 2542 587 2616 ἅρματα
619 2546 719 2617 μὲν
745 2545 875 2601 τάδε
904 2545 1125 2618 λαμπρὰ
1151 2551 1477 2615 τεθρίππων

382 2626 529 2701 ἥλιος
557 2627 626 2702 ἥδ
633 2655 660 2702 η
689 2629 891 2701 λάμπει
943 2629 1080 2685 κατὰ
1103 2636 1226 2701 γῆν,

375 2711 545 2784 ἄστρα
572 2715 633 2770 δὲ
659 2715 854 2785 φεύγει
883 2721 994 2786 πῦρ
1019 2711 1132 2771 τόδ’
1161 2707 1247 2769 ἀπ’
1278 2712 1506 2781 αἰθέρος

376 2804 452 2864 εἰς
475 2796 643 2870 νύχθ’
678 2799 850 2869 ἱεράν,

379 2883 765 2957 Παρνησιάδες
790 2880 842 2939 δ’
877 2880 1069 2954 ἄβατοι
1091 2882 1335 2953 κορυφαὶ

1781 694 1838 737 60

1786 1117 1840 1160 65

1784 1539 1839 1583 70

1784 1962 1840 2006 75

1751 2374 1841 2486 420

1787 2809 1843 2852 85
