2018 3117
193 73 296 124 336

196 392 310 442 ΕΚ.

206 1408 315 1458 ΧΟ.

208 2508 332 2559 ΗΝ.

900 73 1130 118 ΡΗΣΟΣ

375 212 586 284 ’Ἕκτωρ
613 213 673 268 δὲ
696 209 898 276 καύτὸς
922 216 1212 283 συμφορᾶς
1236 215 1583 284 πεπυσμένος

385 311 574 371 χωρεῖ·
603 303 872 367 συναλγεῖ
892 292 966 365 δ’,
993 292 1065 359 ὡς
1091 301 1261 366 ἔοικε,
1288 309 1404 361 σοῖς
1427 310 1630 364 κακοῖς.

381 389 495 447 πῶς
520 386 574 437 οἰ
594 383 818 452 μέγιστα
842 376 1047 451 πήματ’
1080 382 1485 451 ἐξειργασμένοι

387 466 645 540 μολόντες
669 463 809 535 ὑμᾶς
834 470 1112 535 πολεμίων
1135 464 1469 520 κατάσκοποι

386 552 659 624 λήθουσιν
685 555 944 620 αἰσχρῶς,
972 550 1065 604 καὶ
1091 549 1406 621 κατεσφάγη
1434 550 1673 622 στρατός,
1771 565 1855 608 810

386 633 532 693 κοῦτ’
565 634 830 699 εἰσιόντας
855 631 1179 707 στρατόπεδ’
1209 634 1518 700 ἐξαπώσατε

389 719 506 778 οὔτ’
536 720 803 787 ε’ξιόντας;
828 724 1004 775 τῶνδε
1027 724 1108 782 τίς
1134 720 1299 775 δώσει
1325 725 1487 790 δίκην

388 804 532 877 πλὴν
555 810 685 871 σοῦ;
711 805 771 860 σε
794 803 898 876 γὰρ
924 803 991 875 δὴ
1019 804 1242 875 φύλακά
1265 802 1402 875 φημ’
1433 802 1573 859 εἶναι
1599 811 1852 875 στρατοῦ.

391 895 631 962 φροῦδοι
659 888 710 945 δ’
742 887 1035 960 απληκτοι,
1060 895 1124 960 τῇ
1154 895 1396 961 Φρυγί-ὄν
1420 892 1733 963 κακανδρίᾳ

390 973 548 1032 πόλλ’
578 979 909 1046 ἐγγελῶντες
933 980 1007 1048 τῷ
1033 974 1369 1046 στρατηλατῃ
1393 971 1442 1029 τ’
1473 977 1608 1044 ε’μοί.
1772 987 1854 1030 815

391 1054 456 1118 εὖ
480 1084 586 1116 νυν
610 1058 725 1116 τόδ’
756 1068 895 1129 ἴστε,
925 1057 1065 1123 Ζεὺς
1089 1055 1399 1129 ὀμωμοσται
1422 1057 1616 1126 πατήρ,

390 1144 511 1218 ἤτοι
536 1141 863 1216 μαραγνά’
811 1167 844 1213 γ
892 1139 926 1214 ἦ
949 1162 1278 1215 καρανιστης
1302 1144 1468 1215 μόρος

387 1233 538 1302 μένει
564 1248 623 1285 σε
651 1233 867 1299 δρῶντα
892 1225 1089 1297 τοιάδ’,
1118 1224 1152 1300 ἢ
1175 1226 1272 1284 τὸν
1290 1225 1522 1299 ’Έκτορα

390 1313 447 1371 τὸ
475 1314 647 1386 μηδὲν
673 1313 814 1369 εἶναι
838 1315 929 1368 καὶ
954 1312 1126 1369 κακὸν
1150 1320 1411 1385 νομίζετε.

391 1398 452 1456 ἰώ
482 1400 563 1470 ιἐό,
1622 1394 1737 1453 ἀντ.
1773 1408 1858 1452 820

392 1487 510 1557 μέγ’
527 1484 748 1556 ἄρ’ἐμοὶ
765 1480 893 1558 μέγ’,
917 1476 959 1539 ὦ
985 1489 1244 1554 πολίοχον
1268 1484 1480 1558 κράτος,

394 1568 573 1627 κακὸν
631 1572 863 1638 ἔμολεν,
911 1566 1000 1624 ὅτε
1025 1587 1111 1624 σοι

392 1653 622 1725 ἅγγελος
646 1644 848 1723 ἦλθον,

396 1733 535 1802 ἀμφὶ
559 1739 695 1796 ναῦς
716 1730 840 1801 πύρ’
865 1739 1050 1787 αἴθειν
1074 1732 1357 1802 [Ἀργείων
1378 1732 1649 1803 στρατόν],

391 1825 509 1880 ἐπεὶ
534 1821 822 1895 ἄγρυπνον
847 1818 974 1894 ὄμμ’
1006 1826 1065 1878 ἐν
1090 1820 1339 1895 εὐφρόνῃ
1774 1831 1857 1874 825

394 1906 513 1964 οὔτ’
544 1904 773 1979 ἐκοίμισ’
802 1903 920 1963 οὔτ’
952 1903 1141 1979 ἔβριξ’,

396 1990 462 2048 οὗ
490 2017 583 2058 τας
607 1992 1008 2092 Σιμοεντιαδας
1034 2011 1233 2064 πηγας·
1262 1991 1367 2063 μή
1361 2014 1448 2047 ιιοι

392 2077 579 2148 κότον,
608 2100 648 2131 ω
675 2100 806 2146 ανα,
835 2084 966 2150 θῇς·
996 2075 1238 2141 αναίτιος
1263 2075 1367 2147 γὰρ

392 2168 562 2232 ἔγωγε
586 2183 824 2216 παντων.

393 2242 464 2317 ἦν
488 2246 549 2302 δὲ
570 2245 751 2318 χρόνῳ
780 2245 1122 2317 παράκαιρον
1149 2251 1313 2317 ἔργον
1337 2240 1371 2314 ἦ
1395 2243 1561 2314 λόγον
1774 2253 1860 2298 830

395 2331 579 2404 πύθῃ,
609 2329 746 2386 κατά
773 2352 839 2400 με
863 2336 962 2401 γᾶς

391 2423 565 2484 ζῶντα
589 2414 895 2487 πόρευσον·
923 2411 989 2469 οῦ
1017 2419 1403 2484 παραιτοῦμαι.

391 2507 445 2555 τί
476 2498 649 2556 τοῖσδ’
681 2496 918 2564 ἀπειλεῖς
971 2498 1248 2571 βάρβαρός
1270 2520 1327 2553 τε
1353 2496 1639 2568 βαρβάρου

394 2585 619 2656 γνώμην
644 2581 879 2655 ὑφαιρεῖ
902 2582 1002 2655 τὴν
1027 2584 1186 2655 ἐμήν,
1216 2583 1433 2638 πλέκων
1458 2581 1686 2652 λόγους;

393 2668 463 2724 σῦ
487 2667 641 2725 ταῦτ’
673 2673 929 2741 ἔδρασας·
959 2665 1146 2725 οὐδέν’
1178 2663 1246 2723 ἂν
1271 2669 1570 2737 δεξαίμεθα
1775 2675 1859 2719 835

398 2752 553 2822 [οὔθ’
582 2755 636 2806 οἱ
657 2754 931 2815 παθόντες
957 2752 1077 2804 οὔτ’
1107 2751 1175 2804 ἂν
1201 2754 1257 2805 οἱ
1278 2753 1630 2822 τετρωμένοι]

396 2836 589 2895 ἄλλον·
615 2842 828 2909 μακροῦ
854 2859 915 2908 γε
945 2841 1033 2892 δεῖ
1051 2854 1112 2893 σε
1134 2836 1227 2892 καὶ
1250 2840 1427 2906 σοφοῦ
1455 2833 1641 2905 λόγου,
