2018 3117
397 100 647 146 ΙΦΙΓΕΝ
655 100 724 144 ΕΙ
729 100 769 144 Α
804 99 863 144 Η
892 99 993 144 ΕΝ
1022 98 1076 144 Α
1083 98 1284 146 ΥΛΙΔΙ
1596 96 1664 148 43

211 235 331 293 ἀλλ’
360 238 451 308 ἐμὲ
477 242 692 292 δίκαιον
715 234 931 308 ἀγαθὸν
957 237 1224 315 εὔχεσθαί
1242 261 1292 292 τι
1327 243 1444 303 σοί;

214 321 250 394 ἦ
301 318 424 392 τᾶρ’
453 318 750 384 ἆσυνέτους
773 318 903 384 τοὺς
918 318 1090 384 θεῦῦς
1112 317 1369 391 ἡγοίμεθ’
1397 319 1483 391 ἄν,

209 411 261 461 εἰ
283 418 459 461 τοῖσιν
482 401 842 460 αὐθένταισιν
869 395 933 458 εὖ
957 404 1317 477 φρονήσομεν.
1556 419 1662 462 1190

209 486 363 560 ἥκων
388 493 421 543 δ
430 486 443 505 ’
475 492 527 553 ἐς
545 486 742 559 ’Ἄργος
767 500 1064 557 προσπεσεῖ
1085 490 1324 543 τέκνοισι
1347 501 1494 555 σοῖς;

209 570 329 627 ἀλλ’
360 569 427 627 οὐ
453 574 612 643 θέμις
635 589 738 627 σοι.
763 577 845 635 τίς
870 571 931 626 δὲ
954 572 1045 626 καὶ
1070 574 1470 642 προσβλέψεται

209 661 424 712 παίδων
447 653 520 725 σ’,
565 654 659 710 ἐὰν
696 661 855 725 σφῶν
899 657 1199 725 προέμενος
1223 656 1423 728 κτάνῃς
1447 656 1595 722 τινά;

208 737 363 796 ταῦτ’
389 732 557 810 ἦλθες
583 736 689 810 ἤδη
714 736 806 793 διὰ
832 738 1041 809 λόγων,
1066 734 1102 809 ἢ
1126 740 1372 810 σκῆπτρά
1397 759 1484 794 σοι

207 824 378 894 μόνον
405 824 690 894 διαφέρειν
707 824 798 877 καὶ
821 830 1209 892 στρατηλατεῖν
1234 843 1294 878 σε
1320 829 1409 878 δεῖ
1420 849 1432 889 ;
1556 838 1661 881 1195

206 905 272 963 ὂν
293 913 431 979 χρῆν
455 911 671 962 δίκαιον
693 906 859 977 λόγον
886 909 947 961 ἐν
974 904 1239 978 Ἀργείοις
1263 909 1469 978 λέγειν·

209 988 497 1063 βούλεσθ’,
526 988 755 1061 Ἀχαιοί,
782 997 940 1046 πλεῖν
965 996 1207 1062 Φρυγῶν
1232 992 1320 1046 ε’πὶ
1342 991 1548 1062 χθόνα;

207 1081 412 1146 κλῆρον
435 1081 664 1130 τίθεσθε
689 1072 839 1130 παῖδ’
869 1071 997 1130 ὅτου
1021 1083 1221 1130 θανεῖν
1243 1075 1437 1147 χρεών.

206 1162 266 1215 ἐν
290 1168 389 1234 ἴσῳ
415 1158 519 1230 γὰρ
539 1151 608 1230 ἦν
632 1159 728 1214 τόδ
735 1156 769 1229 ’‚
796 1156 932 1214 ἀλλὰ
954 1157 1026 1230 μὴ
1053 1157 1105 1214 σ’
1138 1162 1413 1229 ἐξαίρετον

205 1243 446 1314 σφάγιον
469 1255 768 1314 παρασχεῖν
790 1247 1124 1298 Δαναΐδαισι
1149 1249 1318 1299 παῖδα
1343 1244 1462 1315 σήν,
1554 1259 1660 1301 1200

203 1323 238 1399 ἦ
263 1329 562 1383 Μενέλεων
585 1326 689 1398 πρὸ
714 1326 915 1399 μητρὸς
939 1325 1227 1398 Ἑρμιόνην
1251 1341 1489 1398 κτανεῖν,

207 1404 379 1483 οὗπερ
405 1411 464 1467 τὸ
489 1409 694 1482 πρᾶγμ’
721 1409 806 1482 ἦν.
832 1417 941 1466 νῦν
965 1416 997 1465 δ
1006 1408 1018 1429 '
1048 1410 1152 1482 ἐγω
1178 1412 1277 1482 μὲν
1302 1409 1334 1482 ἡ
1361 1409 1419 1468 τὸ
1444 1411 1543 1467 σὸν

206 1497 452 1562 σώζουσα
476 1498 704 1567 λέκτρον
728 1494 922 1559 παιδὸς
945 1499 1325 1565 ἐστερήσομαι,

207 1577 240 1650 ἡ
267 1577 319 1634 δ’
348 1576 726 1650 ἐξαμαρτοῦσ’,
755 1576 1048 1651 ὑπόροφον
1072 1579 1300 1634 νεάνιδα

201 1663 431 1735 Σπάρτῃ
456 1660 758 1733 κομι’ζουσ’,
779 1660 1008 1733 εὐτυχὴς
1032 1663 1334 1733 γενήσεται.
1551 1679 1658 1720 1205

203 1747 416 1802 τούτων
439 1745 671 1817 ἄμειψαί
687 1744 744 1818 μ’
774 1756 827 1803 εἴ
844 1771 894 1802 τι
918 1746 990 1818 μὴ
1016 1752 1194 1811 καλῶς
1217 1748 1358 1818 λέγω
1375 1765 1386 1776 ·

205 1836 256 1887 εἰ
277 1827 330 1887 δ’
359 1824 422 1886 εὖ
445 1833 689 1886 λέλεκται
714 1835 739 1864 *
765 1835 791 1865 *
815 1835 842 1865 *
868 1835 894 1865 *
921 1829 993 1902 μὴ
1019 1832 1219 1903 κτάνῃς

202 1916 302 1988 τὴν
327 1917 430 1988 σήν
451 1940 509 1973 τε
532 1914 712 1988 κάμὴν
737 1922 932 1988 παῖδα,
959 1920 1051 1973 καὶ
1075 1918 1317 1988 σώφρων
1342 1924 1469 1973 ἔσει,

23 2007 130 2057 XO.
200 2007 392 2056 πιθοῦ.
418 2000 477 2057 τὸ
504 2002 607 2073 γάρ
633 2025 713 2056 τοι
739 2003 902 2057 τέκνα
926 2002 1226 2070 συνσωζειν
1249 2002 1435 2072 καλόν,

198 2083 536 2157 Ἀγάμεμνον
552 2105 562 2115 ·
592 2083 775 2151 οὐδεὶς
799 2083 972 2142 τοῖσδ’
1001 2083 1069 2141 ἂν
1095 2084 1343 2142 ἀντείποι
1365 2093 1600 2158 βροτῶν.

23 2174 112 2223 ῘΦ.
203 2175 253 2224 εἰ
272 2170 373 2240 μὲν
396 2168 492 2226 τὸν
510 2168 752 2242 Ὀρφέως
778 2170 948 2241 εἶχον,
977 2164 1022 2226 αἶ
1044 2171 1229 2242 πάτερ,
1256 2170 1438 2242 λόγον,
1552 2185 1651 2226 121]

203 2260 424 2309 πείθειν
447 2251 731 2329 ε’πᾴδουσ’,
760 2251 901 2311 ὥσθ’
930 2252 1189 2326 ὁμαρτεῖν
1211 2277 1302 2325 μοι
1327 2257 1540 2326 πέτρας,

204 2345 394 2409 κηλεῖν
417 2361 474 2393 τε
501 2352 612 2402 τοῖς
635 2337 884 2409 λόγοισιν
909 2336 1007 2403 οὕς
1033 2338 1355 2410 ἐβουλόμην,

206 2419 432 2478 ἐνταῦθ’
461 2418 530 2477 ἂν
553 2415 747 2494 ἦλθον.
779 2430 888 2479 νῦν
912 2424 973 2479 δὲ
995 2421 1121 2478 τάπ’
1148 2427 1282 2494 ἐμοῦ
1307 2422 1469 2493 σοφά,

207 2506 419 2578 δάκρυα
445 2509 682 2578 παρέξω’
709 2514 880 2563 ταῦτα
902 2506 1005 2579 γὰρ
1031 2504 1329 2578 δυναίμεθ’
1359 2505 1442 2562 ἄν.
1552 2519 1657 2560 1215

208 2594 487 2661 ἱκετηρίαν
503 2597 536 2646 δ
541 2591 564 2646 ὲ
587 2590 818 2662 γόνασιν
842 2592 1048 2659 ἐξάπτω
1074 2594 1242 2647 σέθεν
1777 2628 1785 2636 -
1824 2629 1834 2637 —
1895 2639 1905 2648 ,

204 2672 264 2728 τὸ
289 2680 443 2744 σῶμα
464 2672 698 2746 τούμόν,
728 2672 861 2747 ὅπερ
854 2682 1097 2754 ’ἔταξεν
1121 2673 1222 2747 ἥδε
1240 2693 1343 2745 σοι,
1422 2693 1651 2720 W
1683 2679 1908 2748 “maim“

208 2757 280 2827 μή
304 2754 362 2827 μ’
390 2754 658 2831 ἀπολέσῃς
681 2756 891 2831 ἄωρον·
917 2757 1024 2831 ἡδὺ
1049 2759 1153 2830 γὰρ
1178 2760 1237 2815 τὸ
1265 2765 1382 2830 φῶς

208 2839 489 2896 λεύσσειν·
514 2841 580 2896 τὰ
607 2840 661 2897 δ’
689 2840 798 2898 ὑπὸ
825 2849 922 2915 γῆς
951 2843 1023 2915 μή
1046 2841 1105 2914 μ’
1136 2848 1190 2898 ίδ
1195 2856 1276 2898 εῖν
1300 2837 1626 2912 ἀναγκάσῃς,
