2018 3117
442 107 816 153 ῙΦΙΓΕΝΕΙΑ
846 106 907 151 Η
931 107 1032 152 ΕΝ
1061 105 1319 151 AYAIAI
1639 99 1700 152 27

65 251 228 306 ΑΓΛ.
253 245 467 301 τοιόσδε
491 243 686 308 παιδὸς
711 251 808 315 σῆς
834 241 974 314 ἀνὴρ
1000 249 1147 298 ἔσται
1171 242 1343 306 πόσις.

66 336 178 387 KA.
246 327 312 385 οὐ
337 327 590 400 μεμπτός.
616 334 758 383 οἰκεῖ
779 325 830 382 δ’
859 324 995 382 ἄστυ
1019 339 1178 382 ποῖον
1195 324 1475 391 Ἑλλάδος;

61 419 227 470 ΛΓΛ.
247 410 542 469 Ἀπιδανὸν
567 410 707 483 ἀμφὶ
730 409 972 482 ποταμὸν
996 413 1055 465 ἐν
1079 416 1260 474 Φθίας
1285 406 1448 478 ὅροις.

61 504 179 553 KA.
247 494 411 552 ἐκεῖσ’
443 495 660 562 ἀπάξεις
684 493 788 567 σὴν
813 495 946 565 ἐμήν
971 517 1028 549 τε
1053 496 1368 565 παρθένους

62 587 226 638 ΑΓΛ.
253 587 416 655 κείνῳ
441 581 661 652 μελήσει
684 584 852 634 ταῦτα
876 583 950 653 τῷ
975 579 1302 650 κεκτημένῳ.
1624 585 1704 632 715

61 672 177 721 KA.
245 662 365 720 ἀλλ’
396 663 732 734 εὐτυχοίτην.
761 670 870 718 τίνι
895 658 950 717 δ’
981 666 1039 717 ἐν
1064 659 1238 734 ἡμέρα
1263 672 1453 731 γαμεῖ;

60 754 228 805 ΑΓΛ.
255 746 386 804 ὅταν
410 748 639 820 σελήνης
666 744 895 818 εὐτυχὴς
919 752 1056 818 ἔλθῃ
1080 745 1295 809 κύκλος.

61 838 177 888 KA.
247 835 530 902 προτέλεια
558 829 614 886 δ’
642 829 749 902 ἤδη
776 829 970 894 παιδὸς
996 831 1229 900 ἔσφαξας
1253 834 1389 901 θεᾷ;

60 922 228 972 ΑΓΛ.
255 917 431 986 μέλλω
449 935 459 944 ·
482 914 561 971 ’πὶ
586 916 755 987 ταύτῃ
781 916 871 969 καὶ
896 916 1239 983 καθέσταμεν
1262 912 1415 983 τύχῃ.

60 1006 177 1055 KA.
245 996 472 1054 κᾶπειτα
498 1005 702 1064 δαίσεις
728 997 854 1063 τοῦς
877 998 1084 1070 γάμους
1110 1000 1161 1061 ἐς
1184 993 1448 1066 ῦστερον;
1622 1005 1706 1051 720

60 1089 226 1140 ΑΓΛ.
252 1082 432 1148 θύσας
454 1107 517 1154 γε
541 1081 761 1154 θύμαθ’
794 1079 894 1154 ἁμὲ
916 1080 1017 1154 χρὴ
1043 1087 1215 1137 θῦσαι
1239 1090 1407 1143 θεοῖς.

62 1174 178 1223 KA.
243 1164 398 1239 ἡμεῖς
423 1169 483 1223 δὲ
506 1174 708 1239 θοίνην
732 1173 841 1222 ποῦ
864 1168 1080 1238 γυναιξὶ
1104 1165 1378 1237 θήσομεν;

60 1256 228 1306 ΑΓΛ.
254 1251 458 1306 ἐνθάδε
481 1249 610 1319 παρ’
642 1249 1039 1322 εὐπρύμνοισιν
1060 1248 1323 1321 Ἀργείων
1351 1246 1596 1310 πλάταις.

63 1341 177 1390 KA.
247 1340 423 1398 καλῶς
448 1332 756 1405 ἀναγκαίως
780 1353 864 1390 τε·
894 1336 1214 1402 συνενέγκοι
1245 1330 1295 1387 δ’
1326 1328 1486 1400 ὁμῶς.

61 1424 227 1474 ΑΓΛ.
255 1416 405 1473 οἶσθ’
436 1421 539 1474 οῦν
566 1415 596 1474 ὃ
623 1423 852 1491 δρᾶσον,
883 1421 923 1473 ὤ
949 1417 1141 1489 γύναι;
1169 1423 1341 1471 πιθοῦ
1367 1417 1432 1469 δέ
1450 1437 1556 1484 μοι.
1622 1424 1705 1471 725

63 1508 176 1558 KA.
244 1509 301 1557 τί
318 1509 524 1573 χρῆμα;
550 1511 888 1558 πείθεσθαι
873 1501 974 1572 γὰρ
1001 1510 1243 1570 εἴθισμαι
1268 1502 1450 1554 σέθεν.

60 1591 227 1641 ΑΓΛ.
253 1584 406 1657 ἡμεῖς
430 1586 532 1656 μὲν
558 1584 751 1641 ἐνθάδ’
773 1630 786 1656 ,
813 1579 984 1656 οῦπέρ
1011 1582 1133 1640 ἐσθ’
1163 1582 1189 1639 ὁ
1216 1588 1472 1653 νυμφίος,

60 1676 179 1726 ΚΛ.
245 1669 446 1741 μητρὸς
470 1677 527 1724 τί
544 1672 708 1740 χωρὶς
735 1667 987 1741 δράσεθ’,
1014 1666 1114 1739 ἁμὲ
1139 1672 1278 1738 δρᾶν
1302 1665 1514 1737 χρεώνς

59 1759 227 1810 ΑΓΛ.
255 1753 566 1825 ἐκδώσομεν
591 1753 694 1825 σὴν
718 1759 887 1809 παῖδα
909 1756 1210 1808 Δαναϊδῶν
1234 1752 1380 1821 μέτα.

60 1845 176 1893 KA.
246 1836 384 1910 ἡμᾶς
410 1839 470 1893 δὲ
493 1844 600 1894 ποῦ
626 1837 726 1910 χρὴ
752 1844 1050 1910 τηνικαῦτα
1075 1834 1397 1906 τυγχάνειν;
1626 1845 1709 1888 730

60 1928 227 1977 ΛΓΛ.
253 1923 418 1993 χώρει
444 1920 579 1993 πρὸς
597 1921 796 1994 ’Ἁργος
821 1924 1137 1994 παρθένους
1161 1942 1217 1975 τε
1250 1911 1499 1990 τῃμέιζξιξ

66 2012 176 2065 KA.
245 2013 476 2062 λιποῦσα
501 2011 697 2072 παῖδα;
724 2013 803 2071 τίς
828 2004 881 2061 δ’
910 2003 1200 2076 ἀνασχήσει
1225 2003 1435 2075 φλόγας

23 2106 26 2108 ’
60 2096 227 2145 ΑΓΛ.
255 2089 359 2161 ἐγώ
381 2093 597 2191 παρέξω
626 2097 743 2162 φῶς
770 2087 801 2146 ὃ
824 2096 1088 2161 νυμφίοις
1113 2090 1322 2160 πρέπει.

60 2180 176 2230 KA.
245 2172 346 2245 οὐχ
370 2171 397 2230 ὁ
423 2173 588 2244 νόμος
613 2176 799 2245 οὗτος,
827 2193 896 2230 συ
937 2175 997 2229 δε
1023 2169 1194 2244 φαῦλ’
1223 2169 1349 2243 ἡγεῖ
1369 2168 1515 2226 τάδε.

61 2257 316 2314 ΑΓΛ.οὐ
345 2256 517 2313 καλὸν
542 2262 602 2313 ἐν
629 2256 772 2333 ὄχλῳ
797 2256 848 2314 σ’
881 2261 1246 2329 ἐξομιλεῖσθαι
1271 2259 1522 2327 στρατοῦ.
1625 2265 1706 2308 735

62 2349 176 2397 KA.
244 2342 415 2398 καλὸν
438 2349 707 2398 τεκοῦσαν
730 2340 871 2413 τάμά
893 2340 951 2414 μ’
981 2346 1240 2420 ἐπι-δοῦναι
1266 2342 1444 2394 τέκνα.

59 2433 225 2482 ΑΓΛ.
252 2429 343 2482 καὶ
367 2426 460 2491 τάς
487 2424 541 2497 γ’
571 2430 631 2482 ἐν
656 2436 789 2502 οἴκῳ
813 2425 885 2498 μὴ
910 2426 1082 2498 μόνας
1109 2424 1249 2480 εἶναι
1272 2424 1454 2495 κόρας.

61 2517 175 2566 ΚΛ.
243 2508 488 2582 ὀχυροῖσι
511 2518 831 2582 παρθενῶσι
856 2516 1235 2583 φρουροῦνται
1257 2512 1451 2570 καλῶς.

63 2601 225 2650 ΑΓΛ.
255 2601 445 2651 πιθοῦ.
471 2601 588 2650 KA.
615 2595 688 2665 μὰ
712 2595 811 2667 τὴν
836 2591 1080 2651 ἄνασσαν
1098 2591 1350 2664 ’Λργείαν
1374 2590 1532 2646 θεάν.

250 2677 433 2734 ἐλθών
457 2677 526 2734 σύ
551 2676 690 2745 τάξω
716 2685 950 2750 πρᾶσσε,
976 2674 1077 2733 τάν
1103 2676 1290 2748 δόμοις
1315 2673 1370 2731 δ’
1401 2672 1524 2746 ἐγώ,
1627 2682 1707 2728 740

250 2759 282 2817 ἃ
305 2762 404 2834 χρὴ
431 2775 686 2833 παρεῖναι
709 2768 1000 2835 νυμφίοισι
1025 2762 1339 2833 παρθένοις.

61 2854 225 2905 ΑΓΛ.
255 2854 422 2916 οἴμοι·
449 2846 625 2919 μάτην
648 2839 754 2918 ᾖξ’,
782 2850 999 2909 ἐλπίδος
1025 2842 1076 2900 δ’
1105 2842 1445 2913 ἀπεσφάλην.
