2018 3117
155 1172 244 1221 [A.

235 2704 256 2733 t

149 2766 283 2816 MH.

820 107 1106 152 MHAEIA
1696 109 1795 157 209

341 250 512 310 ναίεις
538 251 729 316 χθονί,
761 252 853 310 τᾶς
879 244 1157 316 ἀνάνδρου
1710 261 1792 303 435

338 335 522 415 κοίτας
550 327 780 384 ὀλέσασα
805 332 1049 401 λέκτρον,

339 405 593 493 ταλαινα,
628 412 807 483 φυγὰς
838 414 897 469 δὲ
920 413 1097 483 χώρας

338 493 525 567 α’τιμος
554 497 788 552 ἐλαύνει.

337 582 535 651 βέβακε
562 578 614 636 δ’
643 578 827 652 ὅρκων
848 581 1028 651 χάρις,
1057 576 1180 635 οὐδ’
1210 577 1284 634 ἔτ’
1316 579 1482 645 αἰδώς
1548 577 1701 636 ἄντ’.

329 661 544 718 Ελλάδι
573 670 639 736 τᾷ
663 664 869 746 μεγάλᾳ
892 667 1068 735 μένει,
1097 669 1318 737 αἰθερία
1345 661 1398 719 δ’
1431 662 1650 720 ἇνέπτα.
1709 679 1792 721 440
1827 678 1830 681 ’

341 745 427 803 σοὶ
458 746 513 803 δ’
544 745 672 802 ούτε
695 748 898 819 πατρὸς
923 748 1099 819 δόμοι,

338 831 598 901 δύστανε,
626 838 1070 903 μεθορμίσασθαι

337 914 562 985 μόχθων
585 915 757 988 πάρα,
788 923 902 971 σῶν
930 940 987 972 τε
1013 918 1256 986 λέκτρων

335 996 470 1054 ἄλλα
491 1005 741 1070 βασίλεια
766 1006 1037 1071 κρείσσων
1274 945 1296 1104 l

339 1082 524 1153 δόμοις
559 1087 625 1140 ἐπ
664 1091 844 1140 νέστα.
1712 1101 1793 1144 445

333 1163 399 1221 οὐ
423 1173 530 1222 νῦν
553 1173 805 1224 κατεῖδον
828 1174 1047 1241 πρῶτον
1073 1165 1209 1223 ἀλλὰ
1231 1168 1490 1233 πολλάκις

336 1263 589 1321 τραχεῖαν
613 1249 786 1323 ὀργὴν
811 1250 882 1317 ὠς
906 1251 1184 1325 ἀμήχανον
1209 1252 1394 1308 κακόν.

338 1336 424 1389 σοὶ
447 1334 551 1407 γὰρ
576 1335 755 1406 παρὸν
779 1343 884 1408 γῆν
907 1337 1073 1408 τήνδε
1100 1338 1191 1391 καὶ
1221 1337 1425 1407 δόμους
1449 1341 1594 1406 ἔχειν

336 1418 559 1489 κούφως
585 1420 832 1493 φερούσῃ
857 1421 1195 1493 κρεισσόνων
1218 1419 1584 1493 βουλεύματα,

334 1502 516 1572 λόγων
538 1510 782 1573 ματαίων
817 1505 979 1557 εἵνεκ’
1022 1508 1242 1561 ἐκπεσεῑ
1257 1504 1473 1576 χθονός.
1710 1523 1792 1564 450

337 1583 500 1657 κάμοὶ
524 1587 624 1657 μὲν
647 1585 815 1643 οὐδὲν
840 1595 1086 1659 πρᾶγμα·
1117 1587 1188 1659 μὴ
1218 1589 1401 1661 παύσῃ
1427 1589 1555 1644 ποτε

335 1668 552 1740 λε’γουσ’
582 1668 769 1727 Ἰάσων
791 1669 862 1737 ὡς
886 1671 1137 1736 κάκιστός
1161 1671 1271 1728 ἐστ’
1302 1670 1439 1744 άνήρ
1456 1691 1467 1701 ·

335 1751 371 1808 ἂ
395 1759 427 1809 δ
435 1752 447 1771 '
479 1760 553 1820 εἰς
577 1755 885 1827 τυράννους
909 1760 1028 1813 ἐστί
1050 1775 1137 1811 σοι
1161 1759 1475 1828 λελεγμένα,

335 1844 445 1893 πᾶν
473 1841 664 1911 κέρδος
687 1837 828 1911 ἡγοῦ
853 1842 1181 1912 ζημιουμένη
1209 1847 1377 1913 φυγῇ.

337 1920 487 1993 κάγὼ
512 1923 613 1993 μὲν
637 1921 721 1979 ἀεὶ
748 1928 1019 1996 βασιλέων
1043 1928 1420 1997 θυμουμένων
1711 1941 1791 1982 455

339 2002 505 2106 ὀργὰς
529 2004 786 2108 αφήρουν
811 2016 908 2065 καί
930 2006 983 2065 σ’
1013 2010 1322 2081 εβουλόμην
1345 2011 1558 2080 μένειν

338 2088 409 2145 σύ
434 2088 485 2145 δ’
517 2088 619 2146 οὐκ
645 2074 816 2157 ανίεις
838 2099 1072 2165 μωρίας,
1107 2091 1326 2164 λέγουσ’
1354 2091 1440 2149 ἀεὶ

340 2197 518 2239 κακως
543 2176 877 2245 τυράννους
904 2201 1094 2249 τοιγαρ
1120 2181 1341 2234 ε’κπεσει
1358 2178 1577 2249 χθονός.

339 2254 484 2328 όμως
512 2260 573 2314 δε
596 2257 700 2315 κάκ
723 2259 890 2317 τωνδ’
924 2285 1027 2318 ουκ
1051 2259 1568 2362 άπειρηκως.φίλοις

341 2339 484 2413 ἥκω,
510 2341 570 2398 τὸ
596 2342 697 2399 σὸν
721 2345 783 2400 δε
808 2346 1319 2417 προσκοπούμενος,
1339 2346 1527 2416 γύναι,
1712 2361 1793 2403 460

343 2447 416 2490 ως
438 2424 558 2498 μήτ’
589 2425 849 2527 c’chv
872 2428 978 2485 σὺν
1001 2432 1274 2486 τέκνοισιν
1299 2432 1528 2500 ἐκπέσῃς

336 2511 462 2580 μήτ’
493 2512 683 2581 ε’νδεής
707 2533 823 2566 του.
868 2513 1054 2583 [πόλλ’
1083 2514 1370 2581 ἐφέλκεται
1396 2513 1547 2584 φυγὴ

336 2613 478 2646 κακα
503 2594 605 2656 ξύν
629 2591 785 2666 αὐτῇ.
790 2600 811 2665 ]
852 2599 944 2649 καὶ
968 2596 1074 2664 γὰρ
1102 2599 1152 2649 εἰ
1175 2598 1246 2650 σύ
1271 2618 1337 2666 με
1364 2608 1611 2667 στυγεῖς,

337 2699 439 2732 ουκ
466 2673 535 2733 ἂν
560 2683 837 2752 δυναίμην
862 2682 949 2737 σοὶ
973 2704 1153 2746 κακως
1177 2695 1410 2754 φρονεῖν
1431 2704 1578 2737 ποτε.

336 2783 377 2814 ω
403 2762 764 2835 παγκάκιστε,
791 2771 954 2820 τοῦτο
979 2764 1083 2836 γάρ
1108 2761 1164 2820 σ’
1195 2771 1421 2821 εἰπεῖν
1391 2780 1494 2851 εχω
1709 2778 1791 2820 465

337 2844 555 2916 γλώσσῃ
579 2849 835 2917 μέγιστον
861 2854 936 2912 εἰς
961 2846 1267 2920 ἀνανδρίαν
1290 2872 1479 2916 κακον,

286 2939 432 2971 Evam.
468 2917 1380 2972 ιῗ<“)”ῗῗ“’ῙῙΪᾝΜ*“”Ξ““’μί’-4Σ“ἣ“”’“”“’“ἐ“’““’ἶ
1450 2927 1514 2976 14
