2018 3117
663 92 1039 139 ΙΦΙΓΕΝΕΙΑ
1083 91 1134 136 Η
1161 91 1259 136 ΕΝ
1293 91 1552 136 ΑΤΛΙΔΙ

485 233 671 303 πρώτη
697 229 748 285 σ’
787 229 1018 285 ἐκάλεσα
1043 230 1249 300 πατέρα
1272 230 1364 284 καὶ
1389 227 1458 284 σὺ
1484 226 1639 284 παῖδ’
1667 230 1787 301 ἐμέ·
1844 246 1951 287 1226

488 315 675 386 πρω’τη
701 315 762 369 δὲ
786 313 982 385 γόνασι
1007 326 1149 369 σοῖσι
1175 319 1329 384 σῶμα
1354 310 1513 368 δοῦσ’
1543 312 1675 385 ἐμὸν

484 406 650 471 φίλας
675 398 893 477 χάριτας
919 402 1099 454 ἔδωκα
1122 394 1546 468 κάντεδεξάμην.

484 484 644 554 λόγος
672 481 726 538 δ’
757 481 784 538 ὁ
809 483 910 554 μὲν
935 481 1028 547 σὸς
1055 475 1125 553 ἦν
1156 479 1243 537 ὅδ’
1262 500 1272 510 ·
1301 474 1408 553 ἆρά
1432 479 1510 552 σ’,
1539 476 1583 537 «5
1607 484 1818 554 τέκνον,

488 565 774 638 εὐδαίμον’
803 564 1004 637 ἀνδρὸς
1030 569 1089 622 ἐν
1113 566 1366 637 δόμοισιν
1391 563 1612 637 ὄψομαι,

484 653 662 721 ζῶσάν
686 676 742 708 τε
768 655 859 708 καὶ
884 651 1207 707 θάλλουσαν
1233 649 1394 717 ἀξίως
1420 653 1585 722 ἐμοῦ;
1839 667 1948 709 1225

485 734 657 808 οὑμὸς
683 735 735 792 δ’
765 733 852 792 ὅδ’
881 729 951 807 ἦν
975 729 1048 790 αὖ
1071 738 1197 808 περὶ
1222 735 1321 791 σὸν
1348 737 1719 808 ἐξαρτωμένης

482 823 724 893 γένειον,
752 814 823 877 οὗ
845 827 952 876 νῦν
977 818 1330 892 ἀντιλάζυμαι
1356 827 1503 891 χερί·

482 912 539 961 τί
559 904 612 961 δ’
642 899 722 979 ἆρ’
751 904 855 977 ἐγω
881 907 970 974 σέ,
999 908 1246 976 πρέσβυν
1270 898 1359 975 ἆρ’
1389 907 1695 976 εἰσδέξομαι

483 993 628 1061 ἐμῶν
655 997 904 1061 φίλαισιν
928 986 1227 1060 ὑποδοχαῖς
1253 989 1466 1060 δόμων,
1496 989 1684 1061 πάτερ,

483 1075 670 1130 πόνων
695 1073 961 1147 τιθηνοὺς
989 1071 1332 1129 ἀποδιδοῦσά
1357 1093 1444 1129 σοι
1469 1074 1706 1144 τροφάς;
1842 1087 1949 1131 1230

482 1160 695 1215 τούτων
724 1160 827 1231 ἐγώ
855 1160 954 1231 μὲν
980 1165 1090 1213 τῶν
1114 1158 1295 1230 λόγων
1318 1159 1539 1230 μνήμην
1565 1164 1685 1228 ἔχω,

483 1243 552 1299 σύ
572 1242 623 1299 δ’
654 1248 991 1315 ἐπιλέλησαι,
1020 1250 1118 1298 καί
1136 1241 1195 1313 μ’
1224 1241 1544 1298 ἀποκτεῖναι
1567 1245 1767 1308 θέλεις.

483 1327 554 1400 μὴ
584 1329 719 1401 πρός
743 1347 802 1384 σε
826 1331 1075 1391 Πέλοπος
1100 1329 1192 1383 καὶ
1211 1326 1346 1397 πρὸς
1368 1325 1596 1398 Ἀτρέως
1621 1326 1823 1398 πατρὸς

481 1414 572 1467 καὶ
593 1418 757 1483 τῆσδε
782 1412 1009 1485 μητρός,
1036 1408 1071 1482 ἢ
1095 1414 1228 1482 πρὶν
1253 1409 1518 1467 ὠδίνουσ’
1548 1412 1638 1482 ἐμὲ

484 1503 591 1552 νῦν
618 1501 885 1570 δευτέραν
911 1495 1084 1552 ὠδῖνα
1109 1497 1273 1567 τήνδε
1297 1497 1580 1568 λαμβάνει.
1838 1511 1947 1554 1235

482 1587 538 1636 τί
555 1605 646 1652 μοι
671 1585 884 1653 μέτεστι
909 1588 1019 1636 τῶν
1050 1579 1412 1651 Ἀλεξάνδρου
1437 1581 1626 1652 γάμων

475 1663 690 1736 Ἑλένης
715 1690 801 1733 τες
827 1666 1006 1722 πόθεν
1031 1658 1161 1737 ἦλθ’
1191 1664 1275 1721 ἐπ’
1305 1662 1521 1739 ὀλέθρῳ
1547 1663 1725 1740 τώμῷ,
1748 1664 1946 1738 πάτερς

480 1753 686 1821 βλέψον
712 1750 848 1822 πρὸς
874 1747 1037 1822 ἡμᾶς,
1065 1747 1209 1820 ὅμμα
1235 1749 1328 1814 δὸς
1354 1750 1565 1821 φίλημά
1589 1773 1662 1820 τε,

483 1831 558 1889 ἵν’
587 1831 724 1890 ἀλλὰ
749 1841 908 1891 τοῦτο
934 1831 1276 1890 κατθανοῦσ’
1306 1840 1407 1904 ε”χω
1433 1837 1601 1889 σέθεν

483 1929 786 1989 [μνημεῖον,
803 1918 944 1991 εἰμὴ
970 1932 1079 1985 τοῖς
1103 1922 1247 1989 ἐμοῖς
1274 1929 1510 1994 πεισθῇς
1546 1924 1776 1992 λόγοις].
1839 1933 1946 1976 1240

483 2000 716 2074 ἀδελφέ,
743 2003 935 2075 μικρὸς
958 2003 1154 2075 μὲνσύ
1179 1999 1232 2073 γ’
1261 2006 1552 2076 ἐπίκουρος
1577 2009 1774 2074 φίλοις,

482 2085 626 2159 ὅμως
651 2089 711 2143 δὲ
736 2075 1150 2158 συνδαῖἶρῖσουν,
1179 2064 1460 2173 ι’ἴιέῖτίευσον
1483 2086 1685 2158 πατρὸς

482 2171 582 2243 τὴν
607 2172 710 2244 σὴν
735 2169 985 2244 ἀδελφὴν
1008 2163 1080 2250 μετ’]
1107 2181 1330 2226 θανεῖν·
1359 2170 1604 2241 αἴσθημά
1637 2194 1720 2226 τοι

482 2254 586 2312 κᾶν
610 2263 825 2329 νηπίοις
851 2281 911 2328 γε
937 2263 1048 2312 τῶν
1073 2262 1260 2311 κακῶν
1285 2259 1610 2326 ἐγγίγνεται.

483 2340 607 2396 ι’δού
633 2348 857 2397 σιωπῶν
882 2347 1132 2397 λίσσεταί
1161 2338 1211 2395 σ’
1241 2337 1348 2410 ὅδ’,
1377 2333 1421 2394 ὦ
1445 2340 1630 2411 πάτερ.
1835 2353 1945 2398 1245

484 2422 602 2479 ἄλλ’
633 2431 854 2481 αἴδεσαί
881 2450 947 2497 με
971 2429 1062 2482 καὶ
1086 2431 1459 2495 κατοίκτειρον
1483 2431 1623 2495 βιόν.

483 2514 599 2578 ναί,
627 2509 762 2580 πρὸς
787 2518 1005 2580 γενείου
1031 2507 1082 2566 σ’
1112 2506 1425 2580 ἀντόμεσθα
1450 2509 1551 2564 δύο
1578 2513 1721 2579 φίλω
1739 2528 1751 2539 ·

483 2589 511 2648 ὃ
536 2593 636 2663 μὲν
660 2594 882 2658 νεοσσός
907 2598 1082 2664 ἐστιν,
1109 2591 1140 2665 ἣ
1167 2591 1219 2648 δ’
1247 2590 1537 2664 ηὐξημένη.

484 2673 546 2732 ἓν
572 2684 916 2747 συντεμοῦσα
942 2678 1119 2733 πάντα
1142 2678 1349 2748 νικήσω
1375 2677 1567 2747 λόγον·

486 2758 542 2815 τὸ
569 2766 686 2830 φῶς
712 2759 827 2816 τόδ’
857 2758 1240 2834 ἀνθρώποισιν
1267 2758 1492 2832 ἥδιστον
1527 2764 1770 2832 βλέπειν,
1835 2776 1941 2817 1250
