2018 3117
69 429 189 478 ΠΟ.

71 682 186 730 ΕΤ.

64 850 186 898 ΠΟ.

63 935 114 983 Ε
123 936 178 983 Τ.

64 1104 186 1152 ΠΟ.

61 1273 176 1321 ΕΤ.

65 1441 183 1490 ΠΟ.

61 1611 172 1659 ΕΤ.

59 1779 180 1828 ΠΟ.

61 1948 178 1996 ΠΟ.

58 2117 113 2165 Π
117 2117 178 2165 Ο.

55 2286 178 2335 ΠΟ.

52 2455 181 2507 ΠΟ.

54 2623 175 2673 ΠΟ.

51 2792 174 2841 ΠΟ.

751 113 1121 161 ΦΟΙΝΙΣΣΑΙ
1623 111 1720 164 417

262 259 374 310 τῶν
397 262 623 327 μακρῶν
646 252 698 310 δ’
729 252 1100 326 ἀπαλλαγεῖσα
1113 254 1543 326 νουθετημάτων
1565 252 1614 326 μ’
1643 261 1720 310 ἔα.

258 340 348 394 καὶ
374 337 444 395 σύ
469 337 637 395 τῶνδ’
675 342 772 406 ἔξω
798 345 1019 408 κομίζου
1045 342 1266 410 τειχέων
1291 335 1326 409 ἢ
1354 348 1635 395 κατ-θανεϊ.

262 421 396 494 πρὸς
421 430 568 488 τίνος
588 449 601 490 3
625 430 705 488 τίς
732 415 824 478 036⁹
852 420 1106 494 ἄτρωτος,
1133 421 1279 488 ὅστις
1305 429 1380 488 εἰς
1403 421 1541 495 ἡμᾶς
1565 427 1721 495 ξίφος

258 507 459 578 φόνιον
495 507 748 578 ἐμβαλῶν
790 505 888 561 τὸν
923 504 1094 562 αὐτὸν
1140 506 1242 563 οὐκ
1289 505 1573 564 ἀποίσεται
1618 508 1722 580 μό-

821 614 949 660 ρον;
1637 607 1720 650 595

259 676 445 747 ἐγγύς,
495 673 562 731 οὐ
607 675 792 745 πρόσω
838 676 1110 746 βεβηκώς·
1159 681 1234 741 εἰς
1268 679 1427 748 χέρας
1471 677 1720 743 λεύσσεις

818 759 973 830 ἐμιὲς;

257 850 477 915 εἰσορῶ·
509 843 694 900 δειλὸν
718 841 763 899 δ’
792 841 820 900 ὁ
845 850 1078 908 πλοῦτος
1091 847 1183 900 καὶ
1197 846 1503 917 φιλόψυχον
1529 847 1718 902 κακόν.

249 922 386 1002 κᾷτα
432 927 539 984 σὺν
584 935 869 985 πολλοῖσιν
915 921 1086 998 ἦλθες
1122 928 1257 1001 πρὸς
1291 929 1389 986 τὸν
1447 929 1613 986 οὐδὲν
1661 935 1718 996 ἐς

821 1012 1026 1084 mimum

257 1095 507 1169 ἀσφαλὴς
553 1097 655 1169 γάρ
706 1096 812 1154 ἐστ’
863 1095 1106 1168 ἀμείνων
1151 1095 1186 1169 ἢ
1229 1098 1447 1169 θρασὺς
1485 1117 1720 1171 στρατη-

821 1182 1000 1253 λάτης.

249 1265 457 1338 κομπὸς
490 1266 540 1323 εἶ
572 1271 837 1332 σπονδαῖς
883 1267 1192 1338 πεποιθῶς,
1239 1272 1301 1323 αἵ
1341 1286 1403 1323 σε
1448 1268 1720 1336 σώζουσιν

818 1360 1034 1407 θανεῖν.
1634 1367 1719 1410 600

254 1437 345 1491 καὶ
387 1435 450 1492 σὲ
486 1435 749 1507 δεύτερόν
789 1433 840 1506 γ’
901 1433 1110 1492 ἀπαιτῶ
1157 1441 1404 1509 σκῆπτρα
1443 1439 1534 1492 καὶ
1580 1439 1719 1509 μέρη

817 1520 1037 1591 χθονός.

245 1601 347 1659 οὐκ
396 1601 828 1676 ἀπαιτούμεσθ’·
883 1604 987 1676 ἐγω
1036 1603 1139 1675 γὰρ
1187 1603 1284 1660 τὸν
1333 1604 1465 1677 ε’μὸν
1511 1606 1716 1678 οἰκήσω

819 1689 1005 1761 δόμον.

251 1778 351 1827 τοῦ
381 1775 581 1844 μέρους
606 1779 745 1845 ἔχων
768 1772 828 1829 τὸ
855 1782 1072 1840 πλεῖον;
1097 1781 1210 1829 ΕΤ.
1239 1772 1375 1846 φήμ’
1396 1794 1406 1804 ·
1434 1772 1712 1831 ἀπαλλάσ-

810 1878 911 1914 σου
936 1860 998 1915 δὲ
1024 1864 1137 1930 γῆς.

250 1933 294 1995 ῶ
316 1948 470 1997 θεῶν
503 1944 677 2014 βωμοὶ
709 1942 1007 2018 πατρῴων,
1040 1950 1157 1998 ΕΤ.
1193 1941 1290 2009 οὓς
1314 1943 1384 2000 σὺ
1410 1944 1715 2017 πορθήσων

806 2051 982 2098 παρει.

245 2109 443 2166 κλύετέ
463 2134 586 2182 μου,
612 2120 726 2168 ΕΤ.
754 2119 835 2177 τίς
860 2110 911 2168 δ’
942 2109 1011 2168 ἂν
1035 2113 1194 2169 κλύοι
1216 2131 1317 2169 σου
1343 2111 1557 2186 πατρίδ’
1585 2118 1712 2170 ἐπε-

806 2200 1213 2268 στρατευμένου
1230 2223 1242 2265 ;
1624 2212 1708 2255 605

248 2280 341 2334 καὶ
368 2286 523 2336 θεῶν
547 2287 658 2336 τῶν
682 2283 1053 2338 λευκοπώλων
1079 2280 1318 2354 δώμαθ’,
1349 2291 1399 2337 Ε
1408 2289 1464 2337 Τ.
1491 2290 1548 2338 οἳ
1577 2302 1712 2338 στυ-

803 2373 970 2439 γοῦσί
989 2385 1066 2422 σε.

244 2449 685 2521 ἐξελαυνόμεσθα
710 2456 972 2523 πατρίδος
1004 2458 1119 2505 ΕΤ.
1155 2452 1247 2506 καὶ
1271 2449 1373 2522 γὰρ
1402 2444 1571 2523 ἦλθες
1594 2454 1710 2519 ἐξε-

803 2541 932 2590 λῶν.

247 2613 436 2692 ἀδικίᾳ
457 2615 535 2690 y',
567 2612 610 2674 ῶ
637 2625 906 2675 θεοί.ΕΤ.
926 2619 1239 2692 ἱἉυκήναις,
1267 2619 1340 2691 μὴ
1362 2617 1544 2676 ’νθάδ
1571 2619 1710 2677 ἀνα-

803 2704 955 2760 κάλει
979 2703 1166 2770 θεούς.

244 2782 461 2851 ἀνόσιος
494 2788 774 2859 πέφυκας,
810 2795 925 2844 ΕΤ.
962 2786 1085 2845 ἄλλ’
1125 2786 1192 2845 οὗ
1229 2795 1489 2862 πατρίδος
1528 2787 1601 2856 ῶς
1636 2788 1705 2848 σὺ

801 2874 1070 2941 πολέμιος.

196 2975 347 3006 Evam.
385 2977 490 3007 vot.
524 2963 565 3005 1J
569 2996 580 3006 .
1360 2954 1424 3006 27
