2018 3117
700 594 1220 650 ΕΥΡΙΠΙΔΟΥ

590 762 979 829 ΟΡΕΣ
1031 759 1340 829 ΤΗΣ.

130 1072 241 1123 ΗΛ
331 1063 451 1122 Οὐκ
482 1071 630 1121 ἔστιν
654 1062 822 1120 οὐδὲν
848 1063 1036 1120 δεινὸν
1063 1055 1163 1118 οἷδ’
1196 1067 1373 1118 εἰπεῖν
1399 1067 1529 1127 ἔπος

326 1148 459 1206 οὐδὲ
489 1150 666 1213 πάθος
693 1147 825 1204 οὐδὲ
851 1146 1112 1220 συμφορὰ
1137 1147 1421 1218 θεήλατος,

324 1228 389 1306 ἧς
415 1231 518 1290 οὐκ
546 1231 614 1289 ἂν
643 1231 821 1304 ἄραιτ’
854 1231 1027 1305 ἄχθος
1053 1229 1362 1301 ἀνθρώπου
1389 1230 1573 1302 φύσις.

323 1318 352 1375 ὁ
381 1319 484 1391 γὰρ
511 1318 775 1391 μακάριος
793 1362 806 1389 ,
833 1316 972 1374 κούκ
996 1315 1246 1385 ὀνειδίζω
1271 1315 1454 1387 τύχας,

320 1403 460 1470 Διὸς
486 1403 774 1475 πεφυκώς,
804 1400 876 1468 ὣς
905 1405 1157 1476 λέγουσι,
1193 1400 1470 1467 Τάνταλος
1767 1419 1793 1460 5

323 1496 577 1561 κορυφῆς
607 1486 1014 1560 ὑπερτέλλοντα
1041 1493 1343 1559 δειμαίνων
1369 1487 1570 1559 πέτρον

323 1571 446 1646 ἆέρι
476 1580 706 1630 ποτᾶται
730 1575 822 1629 καὶ
851 1579 991 1629 τίνει
1017 1573 1225 1644 ταύτην
1249 1577 1429 1643 δίκην,

323 1657 397 1725 ὣς
427 1660 528 1731 μὲν
552 1660 837 1730 λέγουσιν,
865 1656 948 1714 ὅτι
972 1667 1127 1722 θεοῖς
1157 1655 1455 1728 ἅνθρωπος
1484 1651 1563 1711 α’)’ν

324 1750 513 1816 κοινῆς
537 1746 799 1816 τραπέζης
825 1740 1019 1814 ἀξίωμ’
1049 1749 1187 1813 ἔχων
1219 1751 1355 1812 ἴσον,

324 1827 459 1886 ακόλ
465 1847 632 1886 αστον
663 1835 784 1900 ἔσχε
807 1835 1089 1900 γλῶσσαν,
1118 1832 1400 1899 αἰσχίστην
1425 1827 1607 1884 νόσον.
1740 1842 1793 1883 10

325 1906 487 1979 οὗτος
513 1914 743 1985 φυτεύει
766 1917 1019 1983 Πέλοπα,
1045 1917 1143 1968 τοῦ
1169 1910 1222 1968 δ’
1245 1910 1467 1984 Ἀτρευς
1491 1918 1618 1985 ἔφυ,

325 2000 367 2075 93
395 2001 669 2070 στέμματα
694 1996 883 2072 ξήνασ’
915 1999 1226 2055 ἐπέκλωσεν
1249 1996 1358 2053 θεα

325 2088 446 2156 ἔριν
471 2086 685 2156 Θυέστῃ
717 2083 959 2154 πόλεμον
984 2080 1104 2139 ὄντι
1129 2081 1387 2157 συγγόνῳ

322 2169 531 2223 θέσθαι
547 2187 557 2197 ·
585 2174 642 2223 τί
661 2165 884 2240 τᾶρρητ’
912 2165 1404 2239 ἀναμετρήσασθαί
1421 2190 1487 2239 με
1511 2171 1600 2223 δεῖ
1609 2193 1621 2234 ;

324 2258 511 2308 ἔδαισε
536 2249 590 2308 δ’
620 2245 724 2308 οὖν
748 2276 840 2308 νιν
864 2250 1010 2308 τέκν’
1046 2250 1372 2316 ἀποκτείνας
1391 2249 1612 2324 Ἀτρεύς
1630 2271 1640 2282 ·
1740 2267 1793 2310 15

317 2339 550 2409 Ἀτρέως
575 2339 641 2393 δέ
649 2381 662 2408 ,
695 2336 789 2402 τὰς
813 2336 916 2409 γαρ
945 2341 1004 2393 ἐν
1027 2339 1172 2411 μέσῳ
1198 2343 1334 2408 σιγῶ
1358 2335 1539 2408 τύχας,

327 2420 354 2477 ὁ
384 2422 603 2484 κλεινὸς
629 2428 680 2478 εί
701 2421 768 2494 δὴ
797 2420 1013 2487 κλεινὸς
1041 2419 1397 2493 Ἀγαμέμνων
1421 2428 1529 2493 ἔφυ

329 2506 628 2571 Μενέλεώς
652 2531 709 2563 τε
734 2507 990 2579 Κρήσσης
1015 2505 1217 2578 μητρὸς
1236 2503 1499 2579 Ἀερόπης
1518 2504 1643 2562 ἄπο.

326 2605 493 2663 γαμεῖ
513 2590 564 2647 δ’
592 2590 622 2648 ὃ
647 2592 748 2663 μὲν
775 2591 841 2663 δὴ
868 2591 969 2663 τὴν
997 2600 1150 2655 θεοῖς
1174 2593 1559 2663 στυγουμένην

327 2679 617 2741 Μενέλαος
639 2674 760 2732 Ελ’
713 2699 892 2748 ενην,
918 2673 948 2733 ὸ
976 2677 1036 2733 δε
1058 2676 1550 2749 Κλυταιμνήστρας
1575 2677 1727 2746 λέχος
1739 2688 1794 2730 20

327 2764 595 2833 ἐπίσημον
621 2766 696 2825 εἰς
715 2757 981 2832 Έλληνας
999 2759 1354 2832 Ἀγαμέμνων
1379 2758 1538 2827 αναξ·

327 2837 376 2922 ᾦ
403 2847 676 2917 παρθένοι
699 2869 800 2917 μεν
823 2859 967 2916 τρεῖς
999 2851 1211 2916 ἔφυμεν
1236 2847 1294 2901 ἐκ
1317 2851 1460 2916 μιᾶς,
