<?xml version="1.0" encoding="UTF-8"?>
<!DOCTYPE html PUBLIC "-//W3C//DTD XHTML 1.0 Transitional//EN"
    "http://www.w3.org/TR/xhtml1/DTD/xhtml1-transitional.dtd">
<html xmlns="http://www.w3.org/1999/xhtml" xml:lang="en" lang="en">
 <head>
  <title>
</title>
<meta http-equiv="Content-Type" content="text/html;charset=utf-8" />
  <meta name='ocr-system' content='tesseract 3.04.00' />
  <meta name='ocr-capabilities' content='ocr_page ocr_carea ocr_par ocr_line ocrx_word'/>
</head>
<body>
  <div class='ocr_page' id='page_1' title='image "./euripidistragoe02euriuoft_0192.png"; bbox 0 0 2018 3117; ppageno 0'>
   <div class='ocr_carea' id='block_1_1' title="bbox 207 113 1101 165">
    <p class='ocr_par' dir='ltr' id='par_1_1' title="bbox 207 113 1101 165">
     <span class='ocr_line' id='line_1_1' title="bbox 207 113 1101 165; baseline -0.001 -1"><span class='ocrx_word' id='word_1_1' title='bbox 207 113 304 165; x_wconf 79' lang='lat'><strong><em>142</em></strong></span> <span class='ocrx_word' id='word_1_2' title='bbox 965 116 1045 163; x_wconf 76' lang='lat' dir='ltr'><strong><em>LQ,</em></strong></span> <span class='ocrx_word' id='word_1_3' title='bbox 1056 119 1101 164; x_wconf 92' lang='lat' dir='ltr'><em>N</em></span> 
     </span>
    </p>
   </div>
   <div class='ocr_carea' id='block_1_2' title="bbox 327 248 1374 2954">
    <p class='ocr_par' dir='ltr' id='par_1_2' title="bbox 327 248 1347 414">
     <span class='ocr_line' id='line_1_2' title="bbox 327 248 1347 369; baseline 0.002 -56"><span class='ocrx_word' id='word_1_4' title='bbox 327 278 346 369; x_wconf 62' lang='grc' dir='ltr'><strong><em>ΞΞ</em></strong></span> <span class='ocrx_word' id='word_1_5' title='bbox 396 256 598 330; x_wconf 87' lang='grc' dir='ltr'><strong><em>κρόκεα</em></strong></span> <span class='ocrx_word' id='word_1_6' title='bbox 623 257 827 312; x_wconf 82' lang='grc' dir='ltr'><strong><em>πέταλα</em></strong></span> <span class='ocrx_word' id='word_1_7' title='bbox 851 257 1085 329; x_wconf 76' lang='grc' dir='ltr'><em>φάρεσιν</em></span> <span class='ocrx_word' id='word_1_8' title='bbox 1111 248 1347 331; x_wconf 59' lang='grc' dir='ltr'><strong><em>ἔδρεπον</em></strong></span> 
     </span>
     <span class='ocr_line' id='line_1_3' title="bbox 343 339 1079 447; baseline 0.003 -51"><span class='ocrx_word' id='word_1_9' title='bbox 343 344 345 346; x_wconf 65' lang='grc'><strong>’</strong></span> <span class='ocrx_word' id='word_1_10' title='bbox 391 339 640 409; x_wconf 80' lang='grc' dir='ltr'><strong><em>ανθίζειν</em></strong></span> <span class='ocrx_word' id='word_1_11' title='bbox 662 347 1079 447; x_wconf 75' lang='grc' dir='ltr'><strong><em>χρυσανταυγῆ</em></strong></span> 
     </span>
    </p>

    <p class='ocr_par' dir='ltr' id='par_1_3' title="bbox 387 423 1342 758">
     <span class='ocr_line' id='line_1_4' title="bbox 391 423 1209 498; baseline 0 -17"><span class='ocrx_word' id='word_1_12' title='bbox 391 433 608 490; x_wconf 81' lang='grc' dir='ltr'><strong><em>λευκοῖς</em></strong></span> <span class='ocrx_word' id='word_1_13' title='bbox 634 423 687 481; x_wconf 92' lang='grc' dir='ltr'><strong><em>δ</em></strong></span> <span class='ocrx_word' id='word_1_14' title='bbox 716 424 894 498; x_wconf 77' lang='grc' dir='ltr'><strong><em>ἐμφὺς</em></strong></span> <span class='ocrx_word' id='word_1_15' title='bbox 918 440 1209 498; x_wconf 81' lang='grc' dir='ltr'><strong><em>καρποῖσιν</em></strong></span> 
     </span>
     <span class='ocr_line' id='line_1_5' title="bbox 392 508 1118 577; baseline 0.004 -16"><span class='ocrx_word' id='word_1_16' title='bbox 392 530 592 577; x_wconf 87' lang='grc' dir='ltr'><strong><em>χειρων</em></strong></span> <span class='ocrx_word' id='word_1_17' title='bbox 615 513 688 572; x_wconf 84' lang='grc' dir='ltr'><strong><em>εἰς</em></strong></span> <span class='ocrx_word' id='word_1_18' title='bbox 710 508 916 577; x_wconf 89' lang='grc' dir='ltr'><strong><em>άντρου</em></strong></span> <span class='ocrx_word' id='word_1_19' title='bbox 937 516 1118 575; x_wconf 80' lang='grc' dir='ltr'><strong><em>κοίτας</em></strong></span> 
     </span>
     <span class='ocr_line' id='line_1_6' title="bbox 391 594 1342 669; baseline 0.003 -19.003"><span class='ocrx_word' id='word_1_20' title='bbox 391 600 645 667; x_wconf 76' lang='grc' dir='ltr'><strong><em>κραυγὰν</em></strong></span> <span class='ocrx_word' id='word_1_21' title='bbox 699 618 739 650; x_wconf 89' lang='grc' dir='ltr'><strong><em>ω</em></strong></span> <span class='ocrx_word' id='word_1_22' title='bbox 768 596 937 669; x_wconf 83' lang='grc' dir='ltr'><strong><em>μᾶτέρ</em></strong></span> <span class='ocrx_word' id='word_1_23' title='bbox 990 594 1048 667; x_wconf 80' lang='grc' dir='ltr'><strong><em>μ’</em></strong></span> <span class='ocrx_word' id='word_1_24' title='bbox 1078 594 1342 653; x_wconf 75' lang='grc' dir='ltr'><strong><em>αὐδῶσαν</em></strong></span> 
     </span>
     <span class='ocr_line' id='line_1_7' title="bbox 387 685 849 758; baseline 0.002 -16"><span class='ocrx_word' id='word_1_25' title='bbox 387 685 519 751; x_wconf 81' lang='grc' dir='ltr'><strong><em>θεὸς</em></strong></span> <span class='ocrx_word' id='word_1_26' title='bbox 549 685 849 758; x_wconf 80' lang='grc' dir='ltr'><strong><em>ὁμευνέτας</em></strong></span> 
     </span>
    </p>

    <p class='ocr_par' dir='ltr' id='par_1_4' title="bbox 386 762 797 845">
     <span class='ocr_line' id='line_1_8' title="bbox 386 762 797 845; baseline 0.007 -21"><span class='ocrx_word' id='word_1_27' title='bbox 386 762 515 840; x_wconf 76' lang='grc' dir='ltr'><strong><em>ἆγες</em></strong></span> <span class='ocrx_word' id='word_1_28' title='bbox 545 770 797 845; x_wconf 77' lang='grc' dir='ltr'><strong><em>ἀναιδείᾳ</em></strong></span> 
     </span>
    </p>

    <p class='ocr_par' dir='ltr' id='par_1_5' title="bbox 387 854 1126 928">
     <span class='ocr_line' id='line_1_9' title="bbox 387 854 1126 928; baseline 0.004 -19"><span class='ocrx_word' id='word_1_29' title='bbox 387 854 631 927; x_wconf 76' lang='grc' dir='ltr'><strong><em>Κύπριδι</em></strong></span> <span class='ocrx_word' id='word_1_30' title='bbox 659 855 819 927; x_wconf 87' lang='grc' dir='ltr'><strong><em>χάριν</em></strong></span> <span class='ocrx_word' id='word_1_31' title='bbox 849 856 1126 928; x_wconf 90' lang='grc' dir='ltr'><strong><em>πράσσων.</em></strong></span> 
     </span>
    </p>

    <p class='ocr_par' dir='ltr' id='par_1_6' title="bbox 384 937 1184 1097">
     <span class='ocr_line' id='line_1_10' title="bbox 384 937 1125 1005; baseline 0.007 -14"><span class='ocrx_word' id='word_1_32' title='bbox 384 943 550 993; x_wconf 82' lang='grc' dir='ltr'><strong><em>τίκτω</em></strong></span> <span class='ocrx_word' id='word_1_33' title='bbox 583 937 636 992; x_wconf 87' lang='grc' dir='ltr'><strong><em>δ’</em></strong></span> <span class='ocrx_word' id='word_1_34' title='bbox 670 937 703 994; x_wconf 78' lang='grc' dir='ltr'><strong><em>ά</em></strong></span> <span class='ocrx_word' id='word_1_35' title='bbox 736 940 1011 1005; x_wconf 88' lang='grc' dir='ltr'><strong><em>δύστανός</em></strong></span> <span class='ocrx_word' id='word_1_36' title='bbox 1042 958 1125 996; x_wconf 93' lang='grc' dir='ltr'><strong><em>σοι</em></strong></span> 
     </span>
     <span class='ocr_line' id='line_1_11' title="bbox 385 1022 1184 1097; baseline 0.006 -23"><span class='ocrx_word' id='word_1_37' title='bbox 385 1023 615 1093; x_wconf 78' lang='grc' dir='ltr'><strong><em>κοῦρον,</em></strong></span> <span class='ocrx_word' id='word_1_38' title='bbox 646 1022 744 1078; x_wconf 87' lang='grc' dir='ltr'><strong><em>τ’ὀν</em></strong></span> <span class='ocrx_word' id='word_1_39' title='bbox 777 1030 950 1097; x_wconf 87' lang='grc' dir='ltr'><strong><em>φρίκᾳ</em></strong></span> <span class='ocrx_word' id='word_1_40' title='bbox 981 1025 1184 1095; x_wconf 83' lang='grc' dir='ltr'><strong><em>ματρὸς</em></strong></span> 
     </span>
    </p>

    <p class='ocr_par' dir='ltr' id='par_1_7' title="bbox 387 1104 1172 1178">
     <span class='ocr_line' id='line_1_12' title="bbox 387 1104 1172 1178; baseline 0.005 -19"><span class='ocrx_word' id='word_1_41' title='bbox 387 1110 466 1170; x_wconf 84' lang='grc' dir='ltr'><strong><em>είς</em></strong></span> <span class='ocrx_word' id='word_1_42' title='bbox 497 1104 669 1160; x_wconf 77' lang='grc' dir='ltr'><strong><em>εὐνὰν</em></strong></span> <span class='ocrx_word' id='word_1_43' title='bbox 697 1106 885 1178; x_wconf 81' lang='grc' dir='ltr'><strong><em>βάλλω</em></strong></span> <span class='ocrx_word' id='word_1_44' title='bbox 915 1108 1016 1163; x_wconf 78' lang='grc' dir='ltr'><strong><em>τάν</em></strong></span> <span class='ocrx_word' id='word_1_45' title='bbox 1048 1109 1172 1173; x_wconf 80' lang='grc' dir='ltr'><strong><em>σάν,</em></strong></span> 
     </span>
    </p>

    <p class='ocr_par' dir='ltr' id='par_1_8' title="bbox 386 1191 1191 1338">
     <span class='ocr_line' id='line_1_13' title="bbox 386 1191 1191 1262; baseline 0.005 -20"><span class='ocrx_word' id='word_1_46' title='bbox 386 1191 479 1243; x_wconf 82' lang='grc' dir='ltr'><strong><em>ἵνα</em></strong></span> <span class='ocrx_word' id='word_1_47' title='bbox 509 1211 573 1259; x_wconf 88' lang='grc' dir='ltr'><strong><em>με</em></strong></span> <span class='ocrx_word' id='word_1_48' title='bbox 603 1192 780 1259; x_wconf 85' lang='grc' dir='ltr'><strong><em>λέχεσι</em></strong></span> <span class='ocrx_word' id='word_1_49' title='bbox 808 1191 971 1260; x_wconf 87' lang='grc' dir='ltr'><strong><em>μέλεα</em></strong></span> <span class='ocrx_word' id='word_1_50' title='bbox 1002 1193 1191 1262; x_wconf 81' lang='grc' dir='ltr'><strong><em>μέλεος</em></strong></span> 
     </span>
     <span class='ocr_line' id='line_1_14' title="bbox 387 1271 1040 1338; baseline 0.006 -12"><span class='ocrx_word' id='word_1_51' title='bbox 387 1271 579 1338; x_wconf 78' lang='grc' dir='ltr'><strong><em>ἐζεύξω</em></strong></span> <span class='ocrx_word' id='word_1_52' title='bbox 609 1272 710 1327; x_wconf 82' lang='grc' dir='ltr'><strong><em>τὰν</em></strong></span> <span class='ocrx_word' id='word_1_53' title='bbox 742 1273 1040 1332; x_wconf 88' lang='grc' dir='ltr'><strong><em>δύστανον.</em></strong></span> 
     </span>
    </p>

    <p class='ocr_par' dir='ltr' id='par_1_9' title="bbox 383 1360 1150 1512">
     <span class='ocr_line' id='line_1_15' title="bbox 383 1360 1103 1433; baseline 0.007 -24"><span class='ocrx_word' id='word_1_54' title='bbox 383 1363 524 1426; x_wconf 79' lang='grc' dir='ltr'><strong><em>οἴμοι</em></strong></span> <span class='ocrx_word' id='word_1_55' title='bbox 557 1372 662 1427; x_wconf 85' lang='grc' dir='ltr'><strong><em>μοι·</em></strong></span> <span class='ocrx_word' id='word_1_56' title='bbox 695 1360 787 1412; x_wconf 88' lang='grc' dir='ltr'><strong><em>καὶ</em></strong></span> <span class='ocrx_word' id='word_1_57' title='bbox 817 1362 929 1413; x_wconf 84' lang='grc' dir='ltr'><strong><em>νῦν</em></strong></span> <span class='ocrx_word' id='word_1_58' title='bbox 963 1366 1103 1433; x_wconf 82' lang='grc' dir='ltr'><strong><em>ἔρρει</em></strong></span> 
     </span>
     <span class='ocr_line' id='line_1_16' title="bbox 383 1439 1150 1512; baseline 0.009 -20"><span class='ocrx_word' id='word_1_59' title='bbox 383 1452 611 1504; x_wconf 77' lang='grc' dir='ltr'><strong><em>πτανοῖς</em></strong></span> <span class='ocrx_word' id='word_1_60' title='bbox 643 1439 952 1512; x_wconf 76' lang='grc' dir='ltr'><strong><em>ἁρπασθεὶς</em></strong></span> <span class='ocrx_word' id='word_1_61' title='bbox 983 1451 1150 1500; x_wconf 79' lang='grc' dir='ltr'><strong><em>θοίνα</em></strong></span> 
     </span>
    </p>

    <p class='ocr_par' dir='ltr' id='par_1_10' title="bbox 378 1525 1150 1599">
     <span class='ocr_line' id='line_1_17' title="bbox 378 1525 1150 1599; baseline 0.01 -24"><span class='ocrx_word' id='word_1_62' title='bbox 378 1535 507 1586; x_wconf 79' lang='grc' dir='ltr'><strong><em>παῖς</em></strong></span> <span class='ocrx_word' id='word_1_63' title='bbox 537 1544 632 1594; x_wconf 93' lang='grc' dir='ltr'><strong><em>μοι</em></strong></span> <span class='ocrx_word' id='word_1_64' title='bbox 661 1527 752 1579; x_wconf 82' lang='grc' dir='ltr'><strong><em>καὶ</em></strong></span> <span class='ocrx_word' id='word_1_65' title='bbox 785 1525 879 1590; x_wconf 85' lang='grc' dir='ltr'><strong><em>σὸς</em></strong></span> <span class='ocrx_word' id='word_1_66' title='bbox 908 1528 1150 1599; x_wconf 79' lang='grc' dir='ltr'><strong><em>τλάμων,</em></strong></span> 
     </span>
    </p>

    <p class='ocr_par' dir='ltr' id='par_1_11' title="bbox 376 1604 1010 1680">
     <span class='ocr_line' id='line_1_18' title="bbox 376 1604 1010 1680; baseline 0.009 -20"><span class='ocrx_word' id='word_1_67' title='bbox 376 1604 444 1660; x_wconf 80' lang='grc' dir='ltr'>σύ</span> <span class='ocrx_word' id='word_1_68' title='bbox 480 1606 541 1661; x_wconf 74' lang='grc' dir='ltr'><strong><em>δὲ</em></strong></span> <span class='ocrx_word' id='word_1_69' title='bbox 570 1608 777 1680; x_wconf 81' lang='grc' dir='ltr'><strong><em>κιθάρᾳ</em></strong></span> <span class='ocrx_word' id='word_1_70' title='bbox 806 1611 1010 1677; x_wconf 81' lang='grc' dir='ltr'><strong><em>κλάζεις</em></strong></span> 
     </span>
    </p>

    <p class='ocr_par' dir='ltr' id='par_1_12' title="bbox 362 1693 1044 1850">
     <span class='ocr_line' id='line_1_19' title="bbox 375 1693 878 1762; baseline 0.008 -19"><span class='ocrx_word' id='word_1_71' title='bbox 375 1693 611 1755; x_wconf 81' lang='grc' dir='ltr'><strong><em>παιᾶνας</em></strong></span> <span class='ocrx_word' id='word_1_72' title='bbox 640 1694 878 1762; x_wconf 84' lang='grc' dir='ltr'><strong><em>μέλπων.</em></strong></span> 
     </span>
     <span class='ocr_line' id='line_1_20' title="bbox 362 1769 1044 1868; baseline -0.006 -34"><span class='ocrx_word' id='word_1_73' title='bbox 362 1769 485 1868; x_wconf 53' lang='grc' dir='ltr'><strong><em>ῧῆ,</em></strong></span> <span class='ocrx_word' id='word_1_74' title='bbox 513 1776 610 1834; x_wconf 79' lang='grc' dir='ltr'><strong><em>τὸν</em></strong></span> <span class='ocrx_word' id='word_1_75' title='bbox 631 1783 847 1842; x_wconf 85' lang='grc' dir='ltr'><strong><em>Λατοῦς</em></strong></span> <span class='ocrx_word' id='word_1_76' title='bbox 873 1773 1044 1847; x_wconf 90' lang='grc' dir='ltr'><strong><em>αυδω,</em></strong></span> 
     </span>
    </p>

    <p class='ocr_par' dir='ltr' id='par_1_13' title="bbox 369 1859 892 1935">
     <span class='ocr_line' id='line_1_21' title="bbox 369 1859 892 1935; baseline -0.002 -16.994"><span class='ocrx_word' id='word_1_77' title='bbox 369 1860 445 1928; x_wconf 78' lang='grc' dir='ltr'><strong><em>ὃς</em></strong></span> <span class='ocrx_word' id='word_1_78' title='bbox 461 1859 646 1935; x_wconf 82' lang='grc' dir='ltr'><strong><em>ὀμφὰν</em></strong></span> <span class='ocrx_word' id='word_1_79' title='bbox 671 1870 892 1935; x_wconf 85' lang='grc' dir='ltr'><strong><em>κληροις</em></strong></span> 
     </span>
    </p>

    <p class='ocr_par' dir='ltr' id='par_1_14' title="bbox 375 1946 1157 2105">
     <span class='ocr_line' id='line_1_22' title="bbox 375 1946 1157 2020; baseline -0.004 -17"><span class='ocrx_word' id='word_1_80' title='bbox 375 1946 510 2020; x_wconf 88' lang='grc' dir='ltr'><strong><em>πρὸς</em></strong></span> <span class='ocrx_word' id='word_1_81' title='bbox 533 1950 800 2019; x_wconf 89' lang='grc' dir='ltr'><strong><em>χρυσέους</em></strong></span> <span class='ocrx_word' id='word_1_82' title='bbox 829 1947 1039 2011; x_wconf 82' lang='grc' dir='ltr'><strong><em>θάκους</em></strong></span> <span class='ocrx_word' id='word_1_83' title='bbox 1066 1946 1157 2001; x_wconf 83' lang='grc' dir='ltr'><strong><em>καὶ</em></strong></span> 
     </span>
     <span class='ocr_line' id='line_1_23' title="bbox 377 2032 1047 2105; baseline -0.003 -17"><span class='ocrx_word' id='word_1_84' title='bbox 377 2038 533 2105; x_wconf 88' lang='grc' dir='ltr'><strong><em>γαίας</em></strong></span> <span class='ocrx_word' id='word_1_85' title='bbox 557 2032 841 2104; x_wconf 86' lang='grc' dir='ltr'><strong><em>μεσσήρεις</em></strong></span> <span class='ocrx_word' id='word_1_86' title='bbox 871 2035 1047 2102; x_wconf 77' lang='grc' dir='ltr'><strong><em>ἕδρας,</em></strong></span> 
     </span>
    </p>

    <p class='ocr_par' dir='ltr' id='par_1_15' title="bbox 378 2115 1051 2188">
     <span class='ocr_line' id='line_1_24' title="bbox 378 2115 1051 2188; baseline -0.005 -15"><span class='ocrx_word' id='word_1_87' title='bbox 378 2123 453 2183; x_wconf 82' lang='grc' dir='ltr'><strong><em>εἰς</em></strong></span> <span class='ocrx_word' id='word_1_88' title='bbox 478 2120 574 2183; x_wconf 75' lang='grc' dir='ltr'><strong><em>οὓς</em></strong></span> <span class='ocrx_word' id='word_1_89' title='bbox 602 2115 782 2174; x_wconf 88' lang='grc' dir='ltr'><strong><em>αυδαν</em></strong></span> <span class='ocrx_word' id='word_1_90' title='bbox 807 2116 1051 2188; x_wconf 81' lang='grc' dir='ltr'><strong><em>καρυξω·</em></strong></span> 
     </span>
    </p>

    <p class='ocr_par' dir='ltr' id='par_1_16' title="bbox 377 2201 922 2273">
     <span class='ocr_line' id='line_1_25' title="bbox 377 2201 922 2273; baseline -0.004 -14"><span class='ocrx_word' id='word_1_91' title='bbox 377 2202 439 2259; x_wconf 85' lang='grc' dir='ltr'><strong><em>ίω</em></strong></span> <span class='ocrx_word' id='word_1_92' title='bbox 466 2226 631 2268; x_wconf 84' lang='grc' dir='ltr'><strong><em>κακος</em></strong></span> <span class='ocrx_word' id='word_1_93' title='bbox 658 2201 922 2273; x_wconf 79' lang='grc' dir='ltr'><strong><em>εὐνάτωρ,</em></strong></span> 
     </span>
    </p>

    <p class='ocr_par' dir='ltr' id='par_1_17' title="bbox 376 2284 1110 2362">
     <span class='ocr_line' id='line_1_26' title="bbox 376 2284 1110 2362; baseline -0.005 -18"><span class='ocrx_word' id='word_1_94' title='bbox 376 2284 433 2353; x_wconf 80' lang='grc' dir='ltr'><strong><em>ὃς</em></strong></span> <span class='ocrx_word' id='word_1_95' title='bbox 457 2293 531 2362; x_wconf 75' lang='grc' dir='ltr'><strong><em>τῷ</em></strong></span> <span class='ocrx_word' id='word_1_96' title='bbox 557 2288 657 2359; x_wconf 75' lang='grc' dir='ltr'><strong><em>μὲν</em></strong></span> <span class='ocrx_word' id='word_1_97' title='bbox 683 2292 792 2362; x_wconf 76' lang='grc' dir='ltr'><strong><em>ἐμῷ</em></strong></span> <span class='ocrx_word' id='word_1_98' title='bbox 817 2285 1110 2359; x_wconf 80' lang='grc' dir='ltr'><strong><em>νυμφεύτᾳ</em></strong></span> 
     </span>
    </p>

    <p class='ocr_par' dir='ltr' id='par_1_18' title="bbox 373 2370 950 2445">
     <span class='ocr_line' id='line_1_27' title="bbox 373 2370 950 2445; baseline -0.002 -18"><span class='ocrx_word' id='word_1_99' title='bbox 373 2372 535 2443; x_wconf 85' lang='grc' dir='ltr'><strong><em>χάριν</em></strong></span> <span class='ocrx_word' id='word_1_100' title='bbox 560 2370 625 2429; x_wconf 81' lang='grc' dir='ltr'><strong><em>οὐ</em></strong></span> <span class='ocrx_word' id='word_1_101' title='bbox 653 2371 950 2445; x_wconf 72' lang='grc' dir='ltr'><strong><em>προλαβών</em></strong></span> 
     </span>
    </p>

    <p class='ocr_par' dir='ltr' id='par_1_19' title="bbox 375 2456 1119 2524">
     <span class='ocr_line' id='line_1_28' title="bbox 375 2456 1119 2524; baseline -0.003 -12"><span class='ocrx_word' id='word_1_102' title='bbox 375 2456 530 2512; x_wconf 81' lang='grc' dir='ltr'><strong><em>παῖδ’</em></strong></span> <span class='ocrx_word' id='word_1_103' title='bbox 562 2464 636 2523; x_wconf 79' lang='grc' dir='ltr'><strong><em>εἰς</em></strong></span> <span class='ocrx_word' id='word_1_104' title='bbox 661 2466 846 2523; x_wconf 77' lang='grc' dir='ltr'><strong><em>οἴκους</em></strong></span> <span class='ocrx_word' id='word_1_105' title='bbox 879 2462 1119 2524; x_wconf 83' lang='grc' dir='ltr'><strong><em>οἰκίζεις·</em></strong></span> 
     </span>
    </p>

    <p class='ocr_par' dir='ltr' id='par_1_20' title="bbox 374 2538 1374 2954">
     <span class='ocr_line' id='line_1_29' title="bbox 375 2538 1374 2613; baseline -0.002 -16"><span class='ocrx_word' id='word_1_106' title='bbox 375 2539 404 2597; x_wconf 82' lang='grc' dir='ltr'>ὁ</span> <span class='ocrx_word' id='word_1_107' title='bbox 437 2539 489 2597; x_wconf 85' lang='grc' dir='ltr'><strong><em>δ’</em></strong></span> <span class='ocrx_word' id='word_1_108' title='bbox 521 2541 646 2613; x_wconf 80' lang='grc' dir='ltr'><strong><em>ἐμὸς</em></strong></span> <span class='ocrx_word' id='word_1_109' title='bbox 671 2544 894 2613; x_wconf 88' lang='grc' dir='ltr'><strong><em>γενέτας</em></strong></span> <span class='ocrx_word' id='word_1_110' title='bbox 919 2544 1011 2597; x_wconf 84' lang='grc' dir='ltr'><strong><em>καὶ</em></strong></span> <span class='ocrx_word' id='word_1_111' title='bbox 1042 2545 1136 2608; x_wconf 86' lang='grc' dir='ltr'><strong><em>σὸς</em></strong></span> <span class='ocrx_word' id='word_1_112' title='bbox 1156 2538 1374 2612; x_wconf 78' lang='grc' dir='ltr'><strong><em>ἀμαθὴς</em></strong></span> 
     </span>
     <span class='ocr_line' id='line_1_30' title="bbox 374 2628 1326 2697; baseline -0.001 -17"><span class='ocrx_word' id='word_1_113' title='bbox 374 2631 594 2691; x_wconf 76' lang='grc' dir='ltr'><strong><em>οἰωνοῖς</em></strong></span> <span class='ocrx_word' id='word_1_114' title='bbox 621 2632 768 2697; x_wconf 76' lang='grc' dir='ltr'><strong><em>ἔρρει</em></strong></span> <span class='ocrx_word' id='word_1_115' title='bbox 796 2632 1089 2696; x_wconf 77' lang='grc' dir='ltr'><strong><em>συλαθείς,</em></strong></span> <span class='ocrx_word' id='word_1_116' title='bbox 1119 2628 1326 2693; x_wconf 78' lang='grc' dir='ltr'><strong><em>[οἰκεῖα]</em></strong></span> 
     </span>
     <span class='ocr_line' id='line_1_31' title="bbox 376 2709 1251 2782; baseline -0.002 -16"><span class='ocrx_word' id='word_1_117' title='bbox 376 2710 667 2782; x_wconf 88' lang='grc' dir='ltr'><strong><em>σπάργανα</em></strong></span> <span class='ocrx_word' id='word_1_118' title='bbox 694 2714 926 2782; x_wconf 85' lang='grc' dir='ltr'><strong><em>ματέρος</em></strong></span> <span class='ocrx_word' id='word_1_119' title='bbox 950 2709 1251 2777; x_wconf 79' lang='grc' dir='ltr'><strong><em>ἐξαλλάξας.</em></strong></span> 
     </span>
     <span class='ocr_line' id='line_1_32' title="bbox 379 2791 1229 2867; baseline -0.001 -16"><span class='ocrx_word' id='word_1_120' title='bbox 379 2808 529 2867; x_wconf 76' lang='grc' dir='ltr'><strong><em>μισεῖ</em></strong></span> <span class='ocrx_word' id='word_1_121' title='bbox 549 2793 601 2851; x_wconf 83' lang='grc' dir='ltr'><strong><em>σ’</em></strong></span> <span class='ocrx_word' id='word_1_122' title='bbox 630 2791 664 2851; x_wconf 59' lang='grc' dir='ltr'><strong><em>,δ’</em></strong></span> <span class='ocrx_word' id='word_1_123' title='bbox 685 2801 870 2861; x_wconf 77' lang='grc' dir='ltr'><strong><em>Δᾶλος</em></strong></span> <span class='ocrx_word' id='word_1_124' title='bbox 897 2798 987 2851; x_wconf 81' lang='grc' dir='ltr'><strong><em>καὶ</em></strong></span> <span class='ocrx_word' id='word_1_125' title='bbox 1015 2794 1229 2867; x_wconf 83' lang='grc' dir='ltr'><strong><em>δάφνας</em></strong></span> 
     </span>
     <span class='ocr_line' id='line_1_33' title="bbox 379 2877 1309 2954; baseline 0.001 -20"><span class='ocrx_word' id='word_1_126' title='bbox 379 2885 539 2951; x_wconf 84' lang='grc' dir='ltr'><strong><em>ἔρνεα</em></strong></span> <span class='ocrx_word' id='word_1_127' title='bbox 565 2884 794 2952; x_wconf 87' lang='grc' dir='ltr'><strong><em>φοίνικα</em></strong></span> <span class='ocrx_word' id='word_1_128' title='bbox 815 2877 948 2951; x_wconf 83' lang='grc' dir='ltr'><strong><em>παρ’</em></strong></span> <span class='ocrx_word' id='word_1_129' title='bbox 977 2878 1309 2954; x_wconf 84' lang='grc' dir='ltr'><strong><em>ἁβροκόμαν,</em></strong></span> 
     </span>
    </p>
   </div>
   <div class='ocr_carea' id='block_1_3' title="bbox 1772 361 1858 402">
    <p class='ocr_par' dir='ltr' id='par_1_21' title="bbox 1772 361 1858 402">
     <span class='ocr_line' id='line_1_34' title="bbox 1772 361 1858 402; baseline 0.012 -1"><span class='ocrx_word' id='word_1_130' title='bbox 1772 361 1858 402; x_wconf 67' lang='grc'><strong><em>800</em></strong></span> 
     </span>
    </p>
   </div>
   <div class='ocr_carea' id='block_1_4' title="bbox 1773 707 1854 750">
    <p class='ocr_par' dir='ltr' id='par_1_22' title="bbox 1773 707 1854 750">
     <span class='ocr_line' id='line_1_35' title="bbox 1773 707 1854 750; baseline 0.012 -1"><span class='ocrx_word' id='word_1_131' title='bbox 1773 707 1854 750; x_wconf 86' lang='grc'><strong><em>895</em></strong></span> 
     </span>
    </p>
   </div>
   <div class='ocr_carea' id='block_1_5' title="bbox 1611 945 1724 1001">
    <p class='ocr_par' dir='ltr' id='par_1_23' title="bbox 1611 945 1724 1001">
     <span class='ocr_line' id='line_1_36' title="bbox 1611 945 1724 1001; baseline 0.027 -3"><span class='ocrx_word' id='word_1_132' title='bbox 1611 945 1724 1001; x_wconf 77' lang='grc' dir='ltr'><strong><em>ἄντ.</em></strong></span> 
     </span>
    </p>
   </div>
   <div class='ocr_carea' id='block_1_6' title="bbox 1767 1213 1852 1256">
    <p class='ocr_par' dir='ltr' id='par_1_24' title="bbox 1767 1213 1852 1256">
     <span class='ocr_line' id='line_1_37' title="bbox 1767 1213 1852 1256; baseline 0.012 -1"><span class='ocrx_word' id='word_1_133' title='bbox 1767 1213 1852 1256; x_wconf 89' lang='grc'><strong><em>900</em></strong></span> 
     </span>
    </p>
   </div>
   <div class='ocr_carea' id='block_1_7' title="bbox 1764 1633 1847 1674">
    <p class='ocr_par' dir='ltr' id='par_1_25' title="bbox 1764 1633 1847 1674">
     <span class='ocr_line' id='line_1_38' title="bbox 1764 1633 1847 1674; baseline 0 0"><span class='ocrx_word' id='word_1_134' title='bbox 1764 1633 1847 1674; x_wconf 87' lang='grc'><strong><em>905</em></strong></span> 
     </span>
    </p>
   </div>
   <div class='ocr_carea' id='block_1_8' title="bbox 1757 2044 1843 2090">
    <p class='ocr_par' dir='ltr' id='par_1_26' title="bbox 1757 2044 1843 2090">
     <span class='ocr_line' id='line_1_39' title="bbox 1757 2044 1843 2090; baseline -0.035 0"><span class='ocrx_word' id='word_1_135' title='bbox 1757 2044 1843 2090; x_wconf 83' lang='grc'><strong><em>910</em></strong></span> 
     </span>
    </p>
   </div>
   <div class='ocr_carea' id='block_1_9' title="bbox 1753 2468 1838 2512">
    <p class='ocr_par' dir='ltr' id='par_1_27' title="bbox 1753 2468 1838 2512">
     <span class='ocr_line' id='line_1_40' title="bbox 1753 2468 1838 2512; baseline -0.012 0"><span class='ocrx_word' id='word_1_136' title='bbox 1753 2468 1838 2512; x_wconf 85' lang='lat'><strong><em>915</em></strong></span> 
     </span>
    </p>
   </div>
  </div>
 </body>
</html>
