2018 3117
645 103 1020 151 ΙΦΙΓΕΝΕΙΑ
1057 102 1115 148 Η
1145 102 1244 148 ΕΝ
1274 101 1530 148 ΑΤΛΙΔΙ

465 242 528 299 ἰῶ
557 243 637 298 ἰῶ.

457 327 758 399 νιφόβολον
784 332 1026 398 Φρυγῶν
1049 325 1218 390 νάπος
1235 322 1384 389 Ἴδας
1407 321 1456 380 τ’

460 408 619 484 ὅρεα,
643 416 892 481 Πρίαμος
917 407 1013 466 ὅθι
1037 410 1166 465 ποτὲ
1199 412 1404 482 βρέφος
1439 405 1650 465 ἁπαλὸν
1675 414 1838 482 ἔβαλε

458 493 660 568 ματρὸς
684 492 897 567 ἀποπρὸ
922 500 1191 565 νοσφίσας
1816 506 1922 552 1286

461 582 548 637 ἐπὶ
571 578 722 654 μόρῳ
746 579 1076 635 θανατόεντι

457 664 668 736 Πάριν,
695 660 754 728 ὂς
781 660 970 728 Ἰδαῖος

455 746 647 813 Ἰδαῖος
670 745 872 819 ἐλέγετ’
902 745 1101 819 ἐλέγετ’
1133 749 1192 802 ἐν
1217 752 1461 818 Φρυγῶν
1485 747 1658 802 πόλει.
1812 759 1923 804 1290

459 833 532 906 μή
556 830 676 890 ποτ’
706 828 922 903 ῶφελεν
946 831 1043 889 τὸν
1067 830 1207 903 ἀμφὶ

460 919 622 990 βουσὶ
645 916 916 989 βουκόλον
937 913 1196 989 τραφέντ’

460 1002 850 1075 [Ἀλέξανδρον]

459 1092 660 1143 οἰκίσαι
685 1084 826 1157 ἀμφὶ
849 1085 907 1141 τὸ
933 1084 1135 1141 λευκὸν
1160 1081 1332 1156 ὕδωρ,
1363 1081 1458 1139 ὅθι

457 1177 657 1243 κρῆναι
679 1177 931 1242 Νυμφᾶν
953 1183 1162 1225 κεῖνται
1815 1180 1925 1225 1295

461 1254 665 1326 λειμῶν
689 1252 740 1310 τ’
770 1253 969 1310 ἄνθεσι
993 1253 1219 1309 θάλλων

457 1347 713 1411 χλωροῖς,
751 1333 820 1393 οὗ
856 1337 1117 1410 ῥοδόεντα

459 1421 622 1479 ἄνθε’
652 1420 957 1480 ὑακίνθινά
979 1446 1035 1478 τε
1060 1431 1242 1479 θεαῖσι
1273 1426 1520 1490 δρέπειν·

462 1515 602 1564 ἔνθα
627 1507 755 1564 ποτε
777 1506 1000 1572 Παλλὰς
1026 1513 1184 1578 ἔμολε
1812 1519 1923 1562 1300

461 1595 552 1648 καὶ
579 1591 893 1664 δολιόφρων
919 1592 1135 1663 Κύπρις

445 1674 587 1749 ΡἨρα
612 1674 672 1732 θ’
704 1674 897 1747 Ἑρμᾶς
921 1674 1004 1746 θ’,

461 1759 489 1818 ὁ
524 1761 661 1826 Διὸς
696 1758 939 1832 ἄγγελος,

460 1842 494 1902 ἃ
518 1847 617 1916 μὲν
642 1849 730 1902 ἐπὶ
754 1846 913 1918 πόθῳ
938 1850 1202 1917 τρυφῶσα

461 1931 705 2002 Κύπρις,
731 1929 765 1986 οἳ
790 1932 850 1987 δὲ
877 1931 1037 2001 δουρὶ
1059 1927 1297 1998 Παλλάς,
1813 1939 1925 1984 1305

447 2012 590 2087 ’Ἡρα
618 2039 674 2071 τε
698 2015 836 2080 Διὸς
861 2011 1092 2078 ἄνακτος

464 2100 677 2156 εὐναῖσι
702 2107 996 2171 βασιλίσιν,

462 2191 647 2257 κρίσιν
671 2187 758 2241 ἐπὶ
786 2183 1029 2256 στυγνὰν
1056 2188 1173 2254 ἔριν
1197 2205 1253 2236 τε

461 2275 747 2339 καλλονᾶς,
778 2271 896 2341 ἐμοὶ
921 2268 981 2324 δὲ
1003 2267 1266 2335 θάνατον,

463 2350 633 2425 ὄνομα
658 2354 760 2424 μὲν
785 2359 1026 2425 φέροντα
1049 2356 1438 2419 Δαναΐδαισιν,
1467 2340 1510 2403 ῶ
1537 2347 1718 2419 κόραι,
1821 2361 1926 2408 1310

463 2435 778 2509 προθύματ’
808 2444 1005 2509 ἔλαβεν
1022 2433 1277 2507 ’Ἄρτεμις
1300 2432 1436 2507 πρὸς
1455 2430 1643 2489 Ἴλιον.

466 2518 493 2577 ὃ
521 2522 581 2576 δὲ
604 2521 777 2577 τεκῶν
800 2545 867 2593 με
894 2521 993 2577 τάν
1018 2520 1295 2590 τάλαιναν,

464 2599 508 2661 ῶ
532 2612 699 2678 μᾶτερ
728 2599 771 2661 ῶ
795 2613 981 2679 μᾶτερ,

462 2699 664 2760 οἴχεται
689 2690 927 2762 προδοὺς
953 2696 1168 2762 ἔρημον.

465 2767 511 2830 ῶ
536 2772 857 2831 δυστάλαιν’
895 2773 1027 2847 ε’γῶ,
1054 2771 1257 2845 πικρὰν
1819 2782 1924 2824 1315

461 2858 667 2930 πικρὰν
691 2863 886 2915 ἰδοῦσα
912 2860 1231 2925 δυσελέναν,
