2018 3117
96 2348 208 2396 XO.

100 2517 189 2566 lo,

775 104 1150 151 ΦΟΙΝΙΣΣΑΙ
1644 103 1744 155 437

296 247 434 312 ἔχων
460 242 676 315 ἐχώρει,
707 245 800 299 καὶ
822 241 1043 299 τοσόνδ’
1074 243 1361 315 ἐκόμπασε,

293 324 422 397 μηδ’
454 323 523 382 ὅέν
546 326 605 382 τὸ
631 326 832 398 σεμνὸν
856 333 967 400 πῦρ
990 351 1081 383 νιν
1106 333 1388 401 εἰργαθεῖν
1410 327 1548 394 Διὸς
1637 343 1746 387 1175

293 408 352 465 τὸ
377 410 449 481 μὴ
472 408 539 466 ού
563 408 673 466 κατ’
706 409 891 482 ἄκρων
915 412 1209 483 περγάμων
1232 414 1376 468 ἑλεῖν
1399 413 1576 469 πόλιν.

292 495 383 549 καὶ
407 492 572 550 ταῦθ’
601 492 693 564 ἅμ’
720 493 952 567 ἠγόρευε
975 498 1067 550 καὶ
1092 496 1458 567 πετρούμενος

293 575 512 650 ἀνεῖρφ’
540 576 637 634 ὑπ’
668 577 842 650 αὐτὴν
866 577 1056 635 ἀσπίδ’
1086 583 1281 646 εἱλίξας
1306 583 1486 652 δέμας,

293 667 552 733 κλίμακος
577 660 820 734 ἀμείβων
843 661 981 744 ξέστ’
1011 664 1288 735 ἐνηλάτων
1310 665 1512 737 βάθρα.

294 742 396 817 ἤδη
423 744 476 801 δ’
504 744 910 818 ὑπερβαίνοντα
933 761 1086 818 γεῖσα
1112 771 1332 849 τειχεων
1637 761 1747 806 1180

291 830 478 900 βάλλει
503 837 753 905 κεραυνῷ
778 831 917 895 Ζεύς
940 850 1053 886 νιν·
1081 833 1348 904 ἐκτύπησε
1372 833 1432 888 δὲ

289 913 472 984 χθων,
502 911 638 969 ὥστε
663 919 838 970 δεῖσαι
863 914 1092 979 πάντας·
1120 919 1177 971 ἐκ
1206 917 1266 971 δὲ
1290 915 1570 987 κλιμάκων

288 1000 680 1067 [ἐσφενδονᾶτο
707 1002 870 1068 χωρὶς
896 999 1148 1071 ἀλλήλων
1173 1001 1332 1070 μέλη,

292 1080 453 1152 κόμαι
475 1082 575 1152 μὲν
602 1088 676 1146 εἰς
696 1080 1010 1152 ’Όλυμπον,
1038 1079 1168 1153 αἷμα
1192 1081 1244 1138 δ’
1273 1089 1347 1149 εἰς
1372 1085 1566 1156 χθόνα,

285 1177 459 1237 χεῖρες
484 1166 544 1220 δὲ
573 1168 666 1221 καὶ
690 1163 821 1221 κῶλ’
852 1163 923 1230 ὡς
947 1165 1190 1238 κύκλωμ’
1214 1165 1442 1244 Ἰξίονος]
1638 1183 1745 1226 1185

291 1248 542 1304 εἱλίσσετ’
563 1269 574 1278 ·
609 1256 683 1316 εἰς
708 1256 812 1321 γῆν
840 1255 872 1305 δ
882 1247 894 1267 '
924 1256 1161 1323 ἔμπυρος
1186 1257 1371 1308 πίπτει
1395 1253 1606 1326 νεκρός.

290 1356 358 1398 ως
385 1330 435 1388 δ’
467 1331 574 1389 εἶδ’
596 1332 896 1405 ’Ἄδραστος
918 1341 1070 1405 Ζῆνα
1096 1337 1358 1407 πολέμιον
1383 1345 1613 1413 στρατῷ,

289 1421 387 1483 ἔξω
418 1418 632 1502 τάφρου
656 1427 888 1474 καθῖσεν
915 1415 1178 1490 Ἀργείων
1202 1421 1449 1491 στρατόν.

287 1506 340 1557 οἱ
362 1498 415 1556 δ’
445 1503 516 1557 αὐ
543 1500 671 1574 παρ’
702 1501 856 1574 ἡμων
879 1501 1061 1568 δεξιὸν
1082 1501 1218 1569 Διὸς
1242 1506 1398 1577 τέρας

290 1585 500 1650 ἰδόντες
524 1587 821 1658 ἐξήλαυνον
846 1583 1102 1659 αρμάτων
1126 1585 1286 1658 όχους
1634 1603 1742 1647 1190

288 1673 457 1741 ἱππῆς
492 1667 731 1726 ὁπλῖται·
764 1676 876 1735 κείς
898 1669 1017 1741 μέσ’
1044 1669 1308 1743 Ἀργείων
1332 1669 1473 1728 ὅπλα

283 1760 536 1824 συνῆψαν
560 1761 687 1826 ἔγχη
706 1798 720 1825 ‚
752 1755 927 1810 πάντα
952 1752 1003 1810 δ’
1031 1749 1101 1826 ἦν
1126 1753 1264 1827 ὁμοῦ
1288 1757 1428 1812 κακά
1444 1776 1454 1786 ·

286 1843 562 1908 ἔθνησκον
588 1842 870 1905 ἐξέπιπτον
894 1837 1150 1910 ἀντύγων
1178 1838 1302 1911 ἄπο,

284 1927 472 1993 τροχοί
495 1920 543 1977 τ’
573 1923 793 1994 ἐπήδων
823 1922 1010 1989 άξονές
1031 1923 1081 1978 τ’
1109 1926 1195 1979 ἐπ’
1227 1925 1377 1991 α’ξοσι
1393 1970 1406 1996 ‚

282 2008 472 2076 νεκροι
493 2007 552 2062 δὲ
578 2020 791 2078 νεκροῖς
816 2006 1215 2079 ἐξεσωρεύονθ’
1248 2007 1403 2080 ὁμοῦ.
1633 2023 1744 2067 1195

284 2089 514 2161 πύργων
537 2115 638 2162 μεν
660 2093 763 2146 οὐν
785 2097 883 2162 γῆς
918 2098 1142 2163 ἔσχομεν
1170 2091 1522 2163 κατασκαφὰς

283 2180 359 2239 εἰς
380 2173 480 2245 τὴν
506 2181 791 2247 παροῦσαν
815 2173 1047 2247 ἡμέραν·
1079 2183 1129 2232 εἰ
1148 2175 1200 2232 δ’
1231 2175 1460 2248 εὐτυχὴς

283 2264 430 2313 ἔσται
454 2256 512 2315 τὸ
539 2257 733 2316 λοιπὸν
756 2257 854 2331 ἥδε
879 2265 973 2331 γῆ,
999 2269 1154 2326 θεοῖς
1175 2264 1341 2333 μέλει.

279 2340 450 2397 καλὸν
474 2341 534 2398 τὸ
561 2351 749 2399 νικᾶν·
779 2350 828 2399 εί
855 2343 907 2398 δ’
938 2342 1186 2415 ἀμείνον’
1216 2350 1273 2400 οἱ
1290 2347 1416 2400 θεοὶ
1632 2360 1746 2402 1200

280 2424 506 2497 γνώμην
531 2433 777 2498 ἔχουσιν,
807 2425 1036 2498 εὐτυχὴς
1062 2437 1180 2500 εἰήν
1203 2429 1325 2500 ἐγω’.

279 2516 456 2575 καλῶς
479 2509 544 2565 τὰ
569 2518 680 2566 τῶν
703 2518 856 2566 θεῶν
881 2514 973 2566 καὶ
1000 2510 1065 2567 τὰ
1089 2519 1183 2584 τῆς
1208 2513 1373 2585 τύχης
1398 2520 1532 2585 ἔχει·

282 2596 470 2658 παῖδές
492 2617 550 2649 τε
573 2595 675 2667 γάρ
701 2619 791 2665 μοι
820 2602 947 2662 ζῶσι
970 2593 1322 2669 κάκπέφευγε
1346 2605 1432 2670 γῆ.

280 2679 475 2750 Κρέων
500 2677 553 2733 δ’
583 2685 726 2734 ἔοικε
750 2686 861 2734 τῶν
886 2682 1032 2750 ἐμῶν
1056 2682 1467 2754 νυμφευμάτων

276 2866 353 2908 καὶ
386 2868 472 2909 νῦν
503 2864 587 2924 γὰρ
621 2865 768 2925 αὐτὴν
798 2868 1036 2927 δαιμόνων
1065 2871 1203 2916 ἔσωσέ
1230 2889 1314 2923 τις.
1631 2877 1744 2920 1199
