2018 3117
133 1742 244 1792 ΕΚ.

848 84 1077 132 ΡΗΣΟΣ
1680 84 1783 138 337

322 224 431 302 ὅτῳ
457 248 524 297 με
547 230 753 288 πείσεις
776 221 849 295 μὴ
875 230 1076 295 φίλους
1099 237 1476 297 κατακτανεῖν,

322 315 506 366 ἵππων
531 312 814 379 ἐρασθείς,
844 300 922 363 ὧν
947 311 1097 366 ἕκατι
1125 309 1444 381 συμμάχους

324 393 452 459 τοὺς
480 392 609 457 σοὺς
638 392 921 463 φονεύεις,
948 390 1105 448 πόλλ’
1136 393 1484 465 ἐπισκήπτων
1505 401 1713 466 μολεῖν.

322 471 528 549 ἦλθον,
553 482 842 532 τεθνᾶσιν·
871 474 1306 549 εὐπρεπέστερον
1328 478 1506 550 Πάρις
1701 490 1783 536 841

322 565 507 628 ξενίαν
530 557 824 632 κατῄσχυν’
850 556 886 630 ἢ
910 558 979 615 σὺ
1009 561 1322 632 συμμάχους
1345 561 1578 619 κτανών.

322 646 393 717 μὴ
419 646 522 717 γάρ
552 668 602 700 τι
631 646 783 716 λέξῃς
808 641 880 707 ὥς
903 667 983 708 τις
1000 641 1262 717 Ἀργείων
1285 644 1469 717 μολών

322 727 542 785 διώλεσ’
573 725 739 799 ἡμᾶς·
768 732 848 790 τίς
867 728 935 781 ἂν
956 725 1287 801 ὑπερβαλών
1313 730 1509 801 λόχους

329 813 533 914 Τρώων
559 810 647 883 ἐφ’
676 809 814 881 ἡμᾶς
838 803 1040 882 ἦλθεν,
1069 810 1207 868 ω’στε
1229 837 1321 869 και
1344 821 1571 882 λαθεϊν;
1698 827 1785 871 845

323 896 391 953 σὺ
418 895 665 968 πρόσθεν
688 893 844 966 ἡμων
866 897 965 966 ἡσο
989 898 1082 952 καὶ
1105 903 1347 968 Φρυγων
1373 899 1613 971 στρατός.
1816 896 1821 900 ’

321 987 402 1044 τίς
431 982 533 1037 οὐν
556 982 842 1052 τέτρωται,
871 986 952 1044 τίς
975 982 1211 1052 τέθνηκε
1236 983 1535 1053 συμμάχων

320 1071 430 1120 τῶν
456 1082 596 1134 σων,
623 1064 904 1134 μολόντων
923 1087 1002 1120 ων
1025 1063 1094 1120 συ
1119 1073 1396 1137 πολεμίων
1419 1068 1621 1137 λέγεις;

320 1146 474 1219 ἡμεῖς
499 1149 560 1203 δὲ
583 1150 674 1203 καὶ
698 1147 1028 1219 τετρώμεθ’,
1065 1155 1123 1205 οἳ
1146 1151 1206 1205 δὲ
1232 1153 1448 1219 μείζονα

321 1232 594 1296 παθόντες
617 1230 716 1302 οὐχ
739 1229 942 1304 ὁρῶσιν
966 1230 1125 1303 ἡλίου
1152 1235 1304 1304 φάος.
1699 1248 1783 1292 850

321 1313 504 1381 ἁπλῶς
528 1321 560 1372 δ
567 1314 580 1334 '
602 1314 831 1386 Ἀχαιῶν
856 1314 1043 1372 οὐδέν’
1072 1319 1390 1389 αἰτιώμεθα.

319 1406 400 1465 τίς
424 1397 476 1456 δ’
506 1396 574 1455 ἂν
597 1399 869 1471 χαμεύνας
895 1408 1171 1472 πολεμίων
1195 1401 1314 1458 κατ’
1348 1400 1631 1475 εὐφρόνην

316 1481 505 1556 Ῥήσου
530 1483 715 1555 μολων
738 1482 958 1556 ἐξηῦρεν
998 1488 1064 1561 [εἰ
1084 1486 1156 1557 μή
1183 1509 1262 1551 τις
1286 1494 1438 1543 θεῶν

323 1574 521 1639 ε’φραζε
545 1581 654 1633 τοῖς
679 1570 1030 1641 κτανοῦσιν],
1059 1568 1183 1623 οὐδ’
1211 1569 1514 1638 αφιγμένον

317 1651 378 1708 τὸ
403 1652 629 1723 πάμπαν
653 1654 816 1725 ᾑσαν·
845 1650 981 1708 αλλα
1004 1660 1218 1728 μηχανᾷ
1242 1655 1387 1711 τάδε.
1696 1670 1780 1713 855

314 1735 516 1807 χρόνον
538 1760 640 1807 μεν
662 1735 768 1809 ἤδη
792 1737 1121 1808 συμμάχοισι
1144 1739 1405 1812 χρώμεθα

319 1817 553 1892 ὅσονπερ
580 1823 639 1876 έν
665 1827 732 1893 γῇ
757 1819 878 1893 τῇδ’
913 1820 1180 1892 Ἀχαιικὸς
1205 1824 1357 1894 λεώς,

316 1901 520 1959 κούδὲν
544 1904 679 1977 πρὸς
707 1903 892 1960 αὐτῶν
914 1905 1037 1962 οἶδα
1064 1909 1370 1979 πλημμελὲς
1394 1907 1580 1964 κλύων
1596 1928 1607 1938 ·

318 1990 378 2042 ἐν
400 1988 485 2043 σοὶ
515 1986 567 2043 δ’
596 1986 683 2061 ἄρ’
712 1986 1069 2062 ἀρχώμεσθα;
1099 1992 1172 2063 μή
1198 1991 1255 2064 μ’
1285 1999 1420 2066 ἔρως
1445 1996 1558 2049 ἕλοι

317 2077 562 2136 τοιοῦτος
587 2077 770 2129 ἵππων
797 2071 926 2129 ὥστ’
954 2072 1302 2133 ἀποκτείνειν
1327 2084 1540 2149 φίλους.
1695 2093 1779 2136 860

315 2157 406 2211 καὶ
429 2155 585 2212 ταῦτ’
608 2155 936 2224 Ὀδυσσέως·
958 2165 1038 2224 τίς
1062 2159 1165 2233 γὰρ
1193 2159 1354 2227 ἄλλος
1378 2159 1447 2217 ἄν
1470 2184 1600 2218 ποτε

316 2245 546 2311 ἔδρασεν
569 2237 604 2312 ἦ
636 2239 959 2313 ’βούλευσεν
981 2240 1245 2317 Ἀργείων
1270 2244 1407 2318 ἀνήρ
1427 2271 1440 2312 ;

316 2326 536 2379 δέδοικα
561 2322 613 2380 δ’
644 2323 815 2383 αὐτὸν
839 2333 938 2383 καί
964 2334 1022 2382 τί
1052 2351 1160 2399 μου
1183 2330 1415 2401 θράσσει
1440 2331 1662 2402 φρένας,

315 2406 386 2478 μὴ
412 2410 503 2463 καὶ
523 2409 761 2466 Δόλωνα
789 2409 1078 2482 συντυχών
1104 2415 1456 2469 κατέκτανεν·

312 2490 514 2561 χρόνον
537 2492 640 2567 γὰρ
666 2491 773 2567 ἤδη
799 2499 1043 2567 φροῦδος
1069 2491 1148 2550 α’)’ν
1173 2493 1238 2551 οὐ
1268 2501 1538 2567 φαίνεται.
1690 2511 1774 2554 865

127 2580 252 2628 HN.
323 2572 424 2630 οὐκ
450 2575 573 2632 οἶδα
596 2577 723 2643 τοὺς
752 2597 882 2643 σους
909 2601 1006 2642 ους
1029 2581 1203 2649 λέγεις
1220 2577 1539 2645 Ὀδυσσέας·

124 2748 240 2796 ΕΚ.

314 2656 467 2729 ἡμεις
492 2657 546 2715 δ’
572 2657 670 2716 ὑπ’
699 2666 920 2735 ε’χθρων
943 2659 1173 2728 οὐδενὸς
1200 2665 1577 2737 πεπλήγμεθα.

315 2741 384 2797 συ
411 2739 464 2798 δ’
495 2745 598 2799 οὐν
621 2745 804 2817 νόμιζε
827 2744 981 2802 ταῦτ’
990 2749 1253 2822 ,ἐπείπερ
1277 2767 1362 2806 σοι
1387 2755 1553 2805 δοκεῖ.

129 2832 251 2880 ΗΝ.
323 2827 362 2881 ω’
390 2839 518 2897 γαῖα
544 2837 763 2902 πατρίς,
790 2853 904 2895 πως
927 2853 996 2886 αν
1022 2832 1318 2905 ἐνθάνοιμί
1341 2852 1455 2897 σοις

259 2923 405 2955 EVRIP.
443 2925 545 2957 VOL.
582 2913 636 2956 II.
1429 2913 1497 2962 22
