2018 3117
191 71 294 121 334
911 77 1047 122 ΡΗΣ
1051 78 1141 124 ΟΣ

380 213 583 285 δράσας
608 211 794 286 άφανῆ
821 220 1092 287 φροῦδος,
1119 217 1366 289 φανερὸν

378 300 582 371 Θρῃξὶν
608 299 814 365 πένθος
845 300 1203 368 τολυπεύσας.
1283 308 1373 340 V'

188 389 304 437 XO.
374 381 547 439 κακὸν
576 396 772 454 κυρεῖν
796 406 848 440 τι
877 391 1099 460 Θρῃκίῳ
1131 386 1493 458 στρατεύματι
1758 404 1839 452 745

377 473 583 539 ἔοικεν,
605 463 693 524 οἷα
718 473 883 525 τοῦδε
907 469 1196 542 γιγνώσκω
1222 471 1426 528 κλύων.

185 558 313 607 ΗΝ.
372 558 519 625 ἔρρει
543 552 795 625 στρατιά,
821 556 1107 611 πέπτωκεν
1133 553 1266 623 ἅναξ

376 642 540 710 δολίῳ
570 644 769 711 πληγῇ.

373 713 407 777 ἆ
429 715 463 777 ά
489 715 522 777 ά
545 716 596 792 οἷ,

371 811 458 862 οἵα
474 804 531 878 μ’
561 803 737 880 ὀδύνη
762 814 932 881 τείρει
957 815 1158 880 φονίου
1754 827 1835 873 750

369 892 677 963 τραύματος
706 901 850 950 εἴσω.
881 900 995 959 πῶς
1022 890 1091 949 ἂν
1115 892 1371 967 ὀλοίμην;

366 983 506 1047 χρῆν
536 977 638 1050 γάρ
663 976 720 1049 μ’
751 975 958 1044 άκλεῶς
987 977 1178 1051 Ῥῆσόν
1197 1003 1254 1036 τε
1278 990 1496 1046 θανεῖν,

221 1087 282 1122 α
375 1068 544 1136 Τροία
568 1061 818 1119 κέλσαντ’
849 1067 1178 1136 ἐπίκουρον;

179 1154 292 1202 XO.
365 1144 488 1202 τάδ’
522 1144 625 1202 οὐκ
651 1150 710 1203 ἐν
735 1153 1036 1219 αἰνιγμοῖσι
1066 1155 1321 1220 σημαίνει
1346 1151 1514 1206 κακά·

365 1238 555 1302 σαφῶς
578 1230 683 1303 γὰρ
710 1229 858 1307 αὐδᾷ
882 1234 1198 1305 συμμάχους
1221 1231 1509 1301 ὀλωλότας.
1749 1251 1828 1298 755

180 1323 302 1372 HN.
362 1322 543 1382 κακῶς
569 1318 875 1390 πέπρακται
899 1315 1033 1374 κάπὶ
1060 1331 1169 1385 τοῖς
1195 1333 1409 1375 κακοῖσι
1433 1321 1571 1392 πρὸς

363 1409 609 1472 αἴσχιστα
629 1420 640 1430 ·
668 1409 848 1459 καίτοι
874 1405 957 1468 δὶς
981 1404 1144 1460 τόσον
1168 1403 1341 1460 κακὸν
1366 1406 1492 1462 τόδε
1512 1424 1522 1434 ·

363 1494 563 1542 θανεῖν
587 1485 690 1559 γὰρ
720 1485 959 1553 εὐκλεῶς
985 1492 1111 1561 με’ν,
1139 1494 1191 1545 εἰ
1216 1498 1416 1546 θανεῖν
1438 1491 1635 1563 χρεών,

360 1569 577 1643 λυπρὸν
601 1571 702 1643 μὲν
727 1572 876 1644 οἶμαι
900 1578 976 1648 τῷ
1002 1574 1237 1630 θανόντι
1253 1593 1263 1603 ·
1291 1581 1406 1640 πῶς
1430 1574 1532 1649 γὰρ
1560 1575 1657 1644 οὕς

255 1657 336 1690 V
361 1668 471 1720 τοῖς
501 1663 628 1723 ζῶσι
660 1655 715 1712 δ’
741 1654 908 1740 Qg
933 1661 1024 1715 καὶ
1056 1659 1243 1731 δόμων
1269 1656 1504 1727 εὐδοξία.
1744 1676 1827 1720 760

358 1737 510 1811 ἡμεῖς
536 1737 588 1797 δ’
618 1738 867 1813 ἀβούλως
892 1741 1134 1810 κάκλεῶς
1159 1741 1457 1816 ὀλώλαμεν.

357 1827 475 1882 ἐπεὶ
500 1825 602 1897 γὰρ
631 1823 767 1898 ἡμᾶς
789 1826 984 1901 ηὕνασ’
1018 1827 1294 1902 Ἑκτόρεια
1317 1836 1454 1902 χείρ,

359 1910 615 1982 ξύνθημα
640 1914 819 1984 λέξας,
849 1910 1083 1986 εὕδομεν
1108 1920 1464 1988 πεδοστιβεῖς,

355 1995 507 2070 κόπφ
535 1999 823 2069 δαμέντες,
852 1996 977 2054 οὐδ’
1006 2003 1332 2073 ἐφρουρεῖτο
1359 1998 1586 2072 στρατὸς

358 2086 660 2151 φυλακαῖσι
684 2086 1060 2155 νυκτέροισιν,
1088 2082 1212 2141 οὐδ’
1243 2088 1303 2141 ἐν
1330 2085 1544 2152 τάξεσιν
1739 2100 1823 2145 765

355 2170 528 2222 ε”κειτο
554 2165 747 2237 τεύχη,
775 2168 1022 2239 πλῆκτρά
1043 2167 1093 2224 τ’
1121 2166 1224 2225 οὐκ
1250 2172 1337 2225 ἐπὶ
1360 2176 1541 2240 ζυγοῖς

354 2253 539 2306 ἵππων
562 2250 941 2324 καθήρμοσθ’,
970 2250 1042 2318 ῶς
1066 2250 1198 2320 ἅναξ
1231 2254 1500 2310 ἐπεύθετο

354 2341 694 2407 κρατοῦντας
721 2333 861 2407 ὑμᾶς
884 2335 1332 2409 κάφεδρεύοντας
1357 2345 1503 2395 νεῶν

353 2419 686 2491 πρύμναισι·
713 2421 940 2492 φαύλως
963 2420 1016 2479 δ’
1037 2420 1283 2494 ηὕδομεν
1310 2424 1669 2490 πεπτωκότες.

259 2526 324 2551 ν’
351 2501 500 2575 κάγῶ
527 2505 769 2580 μελούσῃ
794 2512 996 2580 καρδία
1021 2507 1182 2579 λήξας
1206 2505 1388 2564 ὕπνου
1733 2522 1817 2569 770

349 2589 577 2646 πώλοισι
603 2590 825 2662 χόρτον,
854 2598 1180 2664 προσδοκῶν
1213 2591 1456 2664 ἑωθινὴν

349 2673 558 2741 ζεύξειν
581 2679 633 2740 ἐς
657 2673 861 2747 ἀλκήν,
888 2675 1124 2753 ἀφθόνῳ
1154 2684 1336 2749 μετρῶ
1357 2685 1493 2751 χερί.

1240 2760 1252 2780 ,
1297 2760 1309 2780 e
1379 2769 1401 2779 -

348 2757 561 2815 λεύσσω
589 2760 649 2815 δὲ
676 2766 826 2831 φῶτε
850 2769 1234 2835 περιπολοῦνθ
1281 2786 1438 2835 ημων
1464 2768 1698 2835 στρατὸν

345 2850 557 2915 πυκνῆς
585 2841 660 2900 δι’
691 2840 930 2918 ὄρφνης·
959 2844 1029 2913 ῶς
1057 2845 1107 2904 δ’
1135 2847 1404 2920 ἐκινήθην
1429 2846 1552 2919 ἐγώ,
