2018 3117
57 2194 165 2244 XO.

415 119 790 165 ΙΦΙΓΕΝΕΙΑ
826 119 880 163 Η
910 119 1008 165 EN
1047 119 1344 166 TATPOAE

238 258 461 326 νυκτός,
488 262 580 320 τᾶς
605 251 792 326 ἐξῆλθ’
821 251 1017 326 ὄρφνα.

240 339 445 412 ὀλόμαν
468 338 674 411 ὀλόμαν
692 359 702 368 ·

237 421 338 480 οὐκ
366 421 466 480 εἴσ’
496 423 633 479 οἶκοι
658 429 924 497 πατρῷοι·

238 517 383 580 οἴμοι
408 513 651 579 φροῦδος
676 509 857 578 γέννα.

239 598 347 662 φεῦ
374 597 482 662 φεῦ
506 598 616 646 τῶν
632 589 820 661 ’Ἀργει
844 591 1086 662 μόχθων.

240 675 303 731 ἰώ
333 675 395 731 ἰώ
422 681 661 746 δαίμων,
688 671 745 738 ὃς
770 673 866 729 τὸν

241 760 451 831 μοῦνόν
474 783 539 830 με
564 765 891 829 κασίγνητον
917 766 1087 832 συλᾷς

223 841 383 917 ’Ἅιδα
412 846 648 915 πέμψας,
677 835 719 917 ᾦ
745 842 905 898 τάσδε
931 842 1056 914 χοὰς

238 931 414 999 μέλλω
440 928 681 1000 κρατῆρά
706 949 763 982 τε
787 926 882 982 τὸν
906 929 1198 999 φθιμένων

242 1010 526 1083 ὑδραίνειν
551 1017 706 1083 γαίας
732 1014 791 1067 ἐν
814 1010 1020 1082 νώτοις,

239 1096 412 1167 πηγάς
439 1094 485 1151 τ’
517 1094 752 1169 οὐρείων
777 1098 834 1151 ἐκ
859 1095 1062 1168 μόσχωι

237 1181 452 1250 Βάκχου
477 1178 525 1235 τ’
557 1179 777 1252 οἰνηρὰς
805 1180 989 1252 λοιβὰς

240 1267 452 1330 ξουθᾶν
476 1287 532 1319 τε
557 1265 772 1335 πόνημα
796 1270 1074 1335 μελισσᾶν,

240 1346 272 1404 ἂ
298 1362 511 1421 νεκροῖς
534 1348 832 1419 θελκτήρια
863 1361 1047 1418 χεῖται.

241 1431 359 1488 ἀλλ’
390 1437 546 1496 ἔνδος
572 1456 661 1503 μοι
687 1431 1002 1503 πάγχρυσον

239 1523 425 1587 τεῦχος
450 1518 540 1572 καὶ
565 1515 757 1586 λοιβὰν
777 1514 951 1571 Ἄιδα.

244 1594 286 1655 ὦ
310 1599 445 1656 κατὰ
470 1605 626 1671 γαίας
657 1597 1086 1670 Ἀγαμεμνόνιον

239 1686 432 1753 θάλος,
460 1682 530 1749 ὥς
555 1686 809 1758 φθιμένῳ
834 1683 960 1739 τάδε
986 1700 1072 1738 σοι
1097 1686 1314 1755 πέμπω’

238 1772 385 1836 δέξαι
410 1767 461 1823 δ’
481 1788 492 1798 ·
528 1766 594 1823 οὐ
620 1766 721 1839 γὰρ
748 1767 883 1838 πρὸς
908 1766 1117 1839 τύμβον
1141 1788 1226 1824 σοι

234 1852 447 1920 ξανθὰν
471 1859 689 1923 χαίταν,
719 1849 784 1907 οὐ
812 1849 1008 1924 δάκρυ’
1042 1862 1190 1909 οἴσω.

239 1937 432 2008 τηλόσε
457 1936 559 2009 γὰρ
587 1936 652 2007 δὴ
683 1942 779 2000 σᾶς
805 1934 1129 2008 ἀπενάσθην

236 2027 498 2094 πατρίδος
522 2023 612 2076 καὶ
638 2024 794 2091 ε’μᾶς,
822 2026 961 2076 ἔνθα
986 2022 1250 2094 δοκήμασι

239 2119 419 2177 κεῖμαι
447 2102 738 2176 σφαχθεῖσ’
768 2101 801 2159 ἁ
824 2104 1056 2176 τλάμων.

239 2188 609 2260 ἀντιψάλμους
635 2187 777 2264 ᾠδὰς
802 2186 979 2261 ὕμνον
1003 2188 1051 2244 τ’

231 2271 483 2346 ’Λσιήταν
507 2292 591 2329 σοι
617 2273 899 2346 βάρβαρον
925 2271 1062 2343 ἀχὰν

241 2363 504 2432 δεσποίνᾳ
530 2356 581 2429 γ’
612 2357 908 2427 ἐξαυδάσω,

244 2442 342 2498 τάν
367 2446 426 2498 ἐν
449 2443 744 2514 θρήνοισιν
767 2448 996 2513 μοῦσαν,

243 2528 470 2582 νέκυσιν
493 2529 701 2598 μελέων
726 2525 825 2582 τὰν
849 2529 908 2582 ἐν
931 2536 1162 2598 μολπαῖς

228 2607 414 2675 Ἅιδας
439 2609 605 2681 ὑμνεῖ
624 2616 748 2680 δίχα
773 2610 1037 2666 παιάνων.

242 2701 414 2765 οἶμοι,
440 2702 550 2750 τῶν
577 2693 859 2767 Ἀτρειδᾶν
883 2703 1052 2750 οἰκων

241 2782 386 2849 ἔρρει
411 2785 527 2848 φῶς
551 2778 867 2850 σκήπτρων,
895 2787 1055 2849 οἴμοι,

240 2864 265 2894 *
288 2863 314 2895 *
348 2861 614 2936 πατρῴων
638 2873 820 2917 οἴκων.

1619 119 1685 170 67

1613 605 1694 649 155

1614 941 1694 986 160

1614 1278 1695 1322 165

1615 1613 1695 1659 170

1613 1949 1691 1994 175

1615 2288 1697 2331 180

1613 2621 1697 2665 185
