2018 3117
1648 106 1749 157 393

170 254 319 324 πω’ν,
349 259 399 310 εἰ
431 251 502 325 μὴ
535 254 738 325 ταύτην
763 250 943 326 εὑρὼν
967 251 1108 322 ἄξοι,
1135 248 1263 323 μηδ’
1296 246 1364 305 ἂν
1387 246 1560 306 αὐτὸν
1582 253 1751 305 ἐπαν-

172 347 362 394 ελθεῖν
395 344 597 394 οἶκαδε.
645 339 866 409 Κάδμος
892 337 952 393 65
975 334 1077 392 οὐκ
1102 342 1241 407 ἔχων
1266 331 1297 390 o'
1321 357 1372 390 τι
1398 336 1490 390 καὶ
1514 333 1749 406 δράσειε,

173 424 348 495 μόνην
362 429 502 522 ἔγνω
527 430 620 494 τῆς
634 420 862 496 ἀπορίας
885 421 1047 478 λύσιν
1059 432 1401 491 καταφυγεῖν
1415 424 1490 485 εἰς
1507 416 1750 474 Ἀπόλλω

172 531 276 563 κακ
299 508 498 564 τούτου
523 531 732 579 γνωναι
755 514 814 563 τί
838 511 926 562 δεῖ
946 518 1142 561 ποιεῖν.
1173 503 1358 560 ἐλθών
1383 505 1486 559 οὑν
1512 509 1587 570 εἰς
1603 510 1753 559 Λελ-

175 591 317 664 φοὺς
347 591 507 664 ἤρετο
534 598 730 647 τοῦτον
754 593 879 662 περὶ
901 596 994 661 τῆς
1020 588 1288 660 αδελφῆς
1316 589 1407 643 καὶ
1432 585 1490 654 ὃς
1522 594 1627 662 χρᾷ
1650 588 1750 659 μὲν
1775 602 1801 643 5

174 674 340 732 οὐδὲν
364 674 512 750 αὐτῷ
539 678 664 748 περὶ
687 682 780 747 τῆς
801 673 1092 747 Εὐρώπης,
1114 676 1259 745 λέγει
1284 673 1344 729 65
1368 696 1440 737 ως
1459 673 1753 739 ἐξελθόντα

175 764 419 831 ἐκεῖθεν,
462 758 918 831 ἀκολουθήσαντα
962 765 1079 830 βοΐ,
1106 760 1171 813 οὐ
1216 782 1285 813 αν
1321 755 1456 828 αύτη
1499 781 1562 829 γε
1596 759 1752 829 πέσῃ,

174 842 334 901 κάκεῖ
352 851 551 912 κτίζειν
574 844 752 900 πόλιν.
780 841 808 900 ὸ
833 843 894 899 65
912 843 1160 906 πεισθεὶς
1183 848 1258 916 τῷ
1280 848 1503 917 χρησμῷ
1527 841 1629 914 τὴν
1653 842 1754 943 μὲν

176 928 309 1029 πρὸς
354 929 453 999 τὴν
504 934 739 999 πατρίδα
797 928 1069 984 ἐπάνοδον
1111 935 1285 996 εἷ’,ασε
1326 932 1468 996 βοῦν
1513 928 1574 982 65
1619 925 1755 981 κατὰ

177 1014 345 1085 τύχην
372 1011 554 1085 εὑρών
576 1011 817 1085 ἡγεμόνα
850 1020 942 1084 τῆς
972 1009 1106 1067 ὁδοῦ
1132 1011 1436 1082 ἐποιήσατο
1485 1011 1757 1082 ἐλθούσης
1771 1026 1823 1068 10

175 1099 236 1154 65
260 1095 427 1170 αὐτῆς
451 1101 510 1153 ἐν
535 1100 575 1172 ᾠ
601 1104 709 1153 νῦν
734 1096 986 1168 ἑστήκασι
1011 1095 1158 1170 τόπῳ
1185 1119 1241 1151 αι
1267 1102 1444 1166 Θῆβαι
1470 1093 1631 1150 κάκεῖ
1650 1117 1757 1151 πα-

175 1189 421 1254 ραχρῆμα
445 1181 733 1254 πεσούσης,
751 1188 891 1253 ἔγνω
916 1204 973 1236 τε
1000 1174 1159 1245 οὗτος
1183 1180 1280 1236 τὸν
1303 1180 1547 1281 χρησμὸν
1571 1188 1758 1236 τελεσ-

176 1268 354 1339 φόρον
398 1269 489 1322 και
521 1267 684 1323 πόλιν
721 1265 1033 1322 ἑπτάπυλον
1069 1271 1232 1332 κτίζει
1278 1265 1370 1330 τὰς
1399 1265 1582 1337 Θήβας
1610 1262 1758 1336 ὁμω-

177 1353 384 1424 νύμους
412 1358 522 1408 τῶν
549 1350 1002 1408 ἑκατονταπύλων
1019 1355 1344 1421 Αἰγυπτίων
1380 1356 1597 1421 Θηβῶν,
1623 1373 1758 1422 χρη-

175 1437 405 1508 σάμενος
442 1435 759 1508 ἐπιστήμονι
802 1443 895 1507 τῆς
933 1440 1222 1505 οἰκοδομῆς
1255 1435 1348 1490 καὶ
1394 1434 1592 1506 ἐργάτῃ
1628 1432 1824 1505 'Ay-15

176 1527 330 1592 φίονι
355 1527 428 1596 τῷ
455 1526 701 1595 μουσικῷ
718 1540 729 1550 ·
757 1527 955 1576 τοῦτον
980 1519 1084 1591 γάρ
1112 1537 1281 1589 φασιν
1306 1516 1758 1591 ἀνακρουόμενον

174 1608 331 1678 μέλος
356 1607 581 1677 θέλγειν
606 1629 664 1661 τε
689 1612 762 1680 τῷ
787 1608 936 1676 μέλει
969 1603 1097 1669 τοὺς
1134 1609 1331 1668 λίθους
1365 1605 1456 1659 καὶ
1485 1600 1758 1658 ἀλλεπάλ-

176 1690 352 1762 λήλως
387 1688 572 1746 αὐτῶν
609 1692 917 1761 τιθεμένων
952 1687 1234 1755 ἀποδεῖξαι
1270 1687 1335 1743 τὰ
1369 1694 1544 1759 τείχη·
1583 1689 1758 1752 πύλας

176 1775 237 1831 65
284 1781 428 1846 ἔχειν
472 1774 573 1846 τὴν
610 1775 772 1831 πόλιν
819 1774 977 1844 ἑπτά,
1025 1772 1212 1844 ἐπειδὴ
1247 1775 1339 1829 καὶ
1369 1777 1427 1828 oc
1460 1778 1553 1844 τῆς
1586 1772 1759 1845 λύρας

176 1860 326 1915 τόνοι
367 1860 499 1915 ἑπτά
535 1865 655 1915 εἰσι.
693 1860 786 1914 καὶ
823 1859 883 1914 τὸ
917 1859 1018 1930 μὲν
1055 1863 1315 1929 μυθῶδες
1352 1863 1630 1913 τοιοῦτον·
1660 1858 1830 1914 nef-20

179 1951 407 2000 πλασται
435 1944 495 1999 65
519 1942 611 1999 δια
644 1942 703 1999 τὸ
730 1940 909 2015 άκρως
933 1941 1210 2014 ἡρμόσθαι
1235 1966 1300 1998 τα
1323 1948 1471 2013 τείχη
1499 1940 1634 2014 πρὸς
1660 1939 1759 1996 άλ-

182 2035 329 2100 ληλα·
358 2026 390 2098 ἡ
416 2052 519 2100 γαρ
546 2026 780 2099 αρμονιά
804 2033 1068 2099 μουσικῆς
1095 2032 1255 2082 ἰ’.διον

344 2112 567 2184 Κάδμος
605 2114 708 2168 οὖν
741 2112 915 2184 γήμας
943 2111 1043 2183 τὴν
1076 2110 1403 2184 Ἀφροδίτης
1437 2112 1528 2166 καὶ
1551 2108 1761 2180 ’Ἄρεως

178 2202 346 2252 παῖδα
373 2195 669 2269 Ἁρμονίαν
694 2200 952 2269 ἐγέννησε
973 2197 1347 2268 Πολύδωρον,
1387 2197 1416 2252 ὃ
1447 2196 1508 2251 65
1533 2194 1760 2265 Λάβδα-

178 2305 305 2352 κον,
329 2277 361 2335 ὃ
386 2283 446 2338 65
467 2282 660 2338 Λάιον.
699 2283 859 2348 οὑτος
885 2278 1217 2354 ἆφικόμενός
1247 2303 1375 2336 ποτε
1401 2285 1475 2344 εἰς
1495 2281 1647 2334 Ἠλιν
1671 2279 1830 2339 nal-25

177 2364 274 2422 τὸν
300 2373 398 2422 τοῦ
421 2370 670 2432 Πέλοπος
693 2365 819 2423 υἱὸν
844 2366 1180 2438 Χρύσιππον
1201 2364 1365 2433 ι’δω’ν,
1397 2361 1456 2429 ὃς
1479 2366 1549 2434 ήν
1574 2366 1626 2429 ἐξ
1663 2360 1762 2417 άλ-

178 2458 273 2520 λης
312 2449 460 2526 αὐτῷ
496 2450 758 2524 γυναικὸς
793 2453 885 2506 καὶ
922 2473 1023 2505 ουκ
1060 2453 1118 2504 ἐκ
1151 2455 1245 2520 τῆς
1278 2447 1560 2520 θυγατρὸς
1594 2452 1763 2502 Οἰνο-

176 2540 318 2606 μάου
357 2533 758 2608 Ἱπποδαμείας,
795 2536 887 2590 καὶ
924 2532 1089 2598 ἁλοὺς
1134 2532 1333 2590 τούτου
1376 2532 1649 2604 κατάκρας
1687 2536 1761 2606 τῷ

179 2625 367 2691 ἔρωτι,
397 2617 640 2692 ἁρπάσας
666 2626 739 2685 εἰς
766 2619 948 2690 Θήβας
970 2615 1169 2689 ἤνεγκε
1196 2619 1288 2673 καὶ
1314 2623 1492 2688 συνῆν
1521 2613 1670 2690 αὐτῷ
1697 2615 1763 2670 τα

177 2704 432 2777 ἐρωτικά,
471 2711 684 2778 πρῶτος
722 2707 782 2760 ἐν
824 2700 1139 2774 ἀνθρώποις
1177 2700 1278 2774 τὴν
1310 2700 1833 2774 άρρενοφθορίαν3ο

178 2787 384 2861 εὑρών,
414 2788 602 2854 καθώς
625 2788 692 2860 δὴ
716 2789 807 2843 καὶ
833 2785 861 2843 ὁ
885 2786 1024 2852 Ζεὺς
1049 2790 1109 2843 ἐν
1133 2796 1285 2853 θεοῖς
1309 2785 1406 2844 τὸν
1426 2785 1764 2856 Γανυμήδην

177 2871 438 2945 ἁρπάσας.
472 2868 500 2928 ὁ
525 2873 586 2929 65
612 2875 801 2938 Πέλοψ
826 2870 1026 2943 μαθων
1050 2877 1213 2927 τοῦτο
1244 2871 1585 2944 κατηράσατο
1607 2875 1762 2943 Λαΐῳ
