2018 3117
193 102 294 153 382

826 102 1177 149 ΤΡΩΙΑΔΕΣ

386 244 610 315 λάφυρα
639 238 919 297 τάπίλοιπ’
941 237 1243 311 Ἀχιλλείου
1268 242 1431 298 τόκου

385 331 568 400 μέλλει
593 323 728 397 πρὸς
754 322 919 390 ἀκτὰς
942 332 1269 381 ναυστολεῖν
1293 327 1633 394 Φθιώτιδας·
1735 343 1841 386 1125

387 409 553 476 αὐτὸς
578 407 630 465 δ’
659 406 889 480 ἀνῆκται
910 409 1323 482 Νεοπτόλεμος,
1348 410 1540 476 καινάς
1562 436 1713 479 τινας

382 496 610 566 Πηλέως
633 491 870 557 ἀκούσας
896 494 1210 565 συμφοράς,
1239 491 1311 559 ῶς
1336 517 1427 550 νιν
1452 494 1656 565 χθονὸς

369 578 633 643 ’Ἄκαστος
661 580 992 650 ἐκβέβληκεν
1015 574 1042 633 ὃ
1068 585 1277 634 Πελίου
1302 578 1478 650 γόνος.

387 656 455 720 οὗ
479 669 693 718 θᾶσσον
721 664 909 731 εἵνεκ’,
938 663 1005 717 οὐ
1032 666 1193 732 χάριν
1219 669 1390 735 μονῆς
1416 670 1582 735 ἔχων,

386 752 658 821 φροῦδος,
707 743 824 817 μετ’
875 741 1048 802 αὐτοῦ
1097 744 1150 802 δ’
1201 744 1569 820 Ἀνδρομάχη,
1627 756 1844 806 πολλῶν

945 832 1065 902 ἐμοὶ
1739 848 1844 890 1130

386 915 645 987 δακρύων
669 912 909 985 ἀγωγός,
935 911 1083 986 ἡνίκ’
1113 913 1325 986 ἐξῶρμα
1347 914 1551 985 χθονὸς

388 1001 599 1072 πάτραν
623 997 670 1054 τ’
701 996 1075 1055 ἀναστένουσα
1099 1001 1190 1053 καὶ
1215 996 1312 1054 τὸν
1332 996 1587 1074 ΓΈκτορος

389 1085 599 1156 τύμβον
623 1086 1088 1155 προσεννέπουσα.
1116 1089 1214 1138 καί
1233 1080 1332 1154 σφ’
1361 1082 1595 1156 ᾐτήσατο

386 1169 566 1235 θάψαι
589 1166 792 1238 νεκρὸν
816 1165 989 1237 τόνδ’,
1016 1165 1075 1232 ὃς
1099 1166 1283 1223 πεσῶν
1309 1170 1367 1223 ἐκ
1390 1171 1613 1239 τειχέων

386 1253 570 1324 ψυχὴν
596 1251 810 1323 ἀφῆκεν
831 1249 1086 1324 Ἕκτορος
1110 1258 1207 1307 τοῦ
1233 1257 1334 1307 σοῦ
1357 1253 1534 1324 γόνος,
1739 1267 1848 1310 1135

387 1339 564 1410 φόβον
588 1335 636 1392 τ’
659 1335 917 1407 Ἀχαιῶν,
942 1336 1291 1408 χαλκόνωτον
1316 1334 1520 1393 ἀσπίδα

388 1420 563 1494 τήνδ’,
591 1419 661 1493 ἣν
686 1420 862 1494 πατὴρ
889 1419 1044 1477 τοῦδ’
1074 1418 1216 1493 ἀμφὶ
1240 1419 1438 1493 πλεύρ’
1468 1422 1740 1494 ἐβάλλετο,

385 1507 456 1579 μή
479 1531 569 1562 νιν
595 1513 862 1578 πορεῦσαι
884 1509 1112 1577 Πηλέως
1136 1502 1227 1577 ἐφ’
1257 1507 1456 1577 ἑστίαν,

389 1589 518 1664 μηδ’
551 1597 625 1655 είς
650 1590 747 1647 τὸν
772 1588 945 1646 αὐτὸν
974 1591 1254 1661 θάλαμον,
1286 1583 1354 1645 οὗ
1376 1590 1755 1662 νυμφεύσεται

387 1677 562 1749 μήτηρ
581 1681 784 1747 νεκροῦ
810 1673 964 1731 τοῦδ’
992 1674 1349 1747 Ἀνδρομάχη,
1366 1674 1543 1740 λύπας
1566 1672 1721 1747 ὁρᾶν,
1739 1689 1850 1732 1140

389 1758 510 1816 ἀλλ’
539 1758 661 1816 ἀντὶ
685 1763 887 1831 κέδρου
912 1758 1225 1832 περιβόλων
1249 1782 1306 1815 τε
1330 1766 1537 1815 λαΐνων

389 1849 447 1901 ἐν
471 1850 602 1918 τῇδε
626 1845 804 1911 θάψαι
829 1850 1023 1900 παῖδα·
1051 1843 1146 1909 σὰς
1176 1841 1228 1899 δ’
1259 1847 1311 1909 ἐς
1339 1841 1542 1909 ῶλένας

388 1935 613 2000 δοῦναι,
646 1932 933 1986 πέπλοισιν
964 1926 1034 1995 ῶς
1059 1935 1400 2001 περιστείλῃς
1427 1926 1629 2000 νεκρὸν

388 2014 679 2085 στεφάνοις
709 2013 791 2085 θ’,
821 2012 919 2086 ὅση
951 2032 1035 2070 σοι
1061 2014 1322 2085 δύναμις,
1352 2010 1422 2078 ῶς
1447 2019 1554 2085 ἔχει
1577 2011 1642 2069 τὰ
1667 2010 1752 2083 σά,

390 2100 508 2154 ἐπεὶ
538 2100 737 2170 βέβηκε
763 2101 854 2154 καὶ
880 2098 938 2154 τὸ
967 2098 1237 2155 δεσπότου
1261 2097 1416 2168 τάχος
1739 2109 1849 2152 1145

323 2244 331 2249 ‚
390 2180 636 2254 ἀφείλετ’
667 2181 841 2254 αὐτὴν
869 2187 1037 2238 παῖδα
1061 2181 1132 2254 μὴ
1159 2187 1356 2238 δοῦναι
1380 2181 1553 2254 τάφῳ.

391 2266 545 2340 ἡμεῖς
569 2267 669 2339 μὲν
694 2269 824 2336 ούν,
853 2264 984 2323 ὅταν
1009 2266 1078 2322 σὺ
1103 2266 1375 2339 κοσμήσῃς
1400 2267 1586 2335 νέκυν,

391 2360 498 2425 γῆν
527 2349 656 2427 τῷδ’
687 2350 1113 2423 ἐπαμπισχόντες
1142 2347 1385 2422 ἀροῦμεν
1411 2348 1576 2424 δόρυ·

390 2437 458 2493 σὺ
485 2443 518 2494 δ
525 2434 538 2456 ’
570 2434 641 2502 ῶς
664 2437 885 2508 τάχιστα
913 2442 1120 2507 πρᾶσσε
1145 2432 1568 2506 τάπεσταλμένα.

393 2521 514 2586 ἑνὸς
538 2522 639 2593 μὲν
664 2514 767 2577 οὖν
791 2522 1007 2592 μόχθου
1037 2517 1089 2575 σ’
1118 2518 1424 2587 ἀπαλλάξας
1449 2527 1551 2591 ἔχω
1568 2537 1579 2547 ·
1743 2533 1852 2576 1150

393 2610 821 2678 Σκαμανδρίους
844 2605 948 2678 γὰρ
975 2605 1138 2661 τάσδε
1163 2609 1442 2677 διαπερῶν
1472 2602 1599 2677 ῥοὰς

394 2697 594 2746 ἔλουσα
617 2689 820 2762 νεκρὸν
845 2687 1120 2755 κάπένιψα
1148 2688 1444 2761 τραύματα.

392 2772 518 2830 ἀλλ’
550 2771 656 2846 εἶμ’
685 2771 924 2847 ὀρυκτὸν
947 2771 1077 2849 τῶδ’
1106 2770 1429 2848 ἀναρρήξων
1454 2773 1647 2846 τάφον,
