2018 3117
237 91 299 142 76

235 1833 326 1884 [Φ.

595 93 974 139 ΙΦΙΓΕΝΕΙΑ
1006 94 1064 139 Η
1090 95 1188 140 ΕΝ
1223 96 1309 140 TA
1318 96 1475 143 ΥΡΟΙ
1479 98 1521 142 Σ

423 228 763 302 δεξαίμεσθ’,
782 229 1035 296 Ἑλλάδος
1059 234 1117 287 ἐκ
1143 238 1241 303 γὰρ

427 315 732 385 πλωτήρων
757 324 907 380 εἴτις
932 321 1046 386 ἔβα,

423 403 677 464 δουλείας
701 401 899 470 ἐμέθεν

422 487 663 548 δειλαίας
689 491 1052 549 παυσίπονος·

420 569 512 622 καὶ
536 567 639 639 γὰρ
669 565 916 640 ὀνείρασι
939 573 1218 640 συμβαίην

420 650 607 723 δόμοις
631 652 786 708 πόλει
810 677 868 708 τε
902 653 1142 727 πατρῴα,

421 742 674 807 τερπνῶν
698 734 890 808 ὕμνων
914 735 1160 793 ἀπόλαυ-

421 838 511 875 σιν
530 819 724 875 κοινὰν
745 821 905 892 χάριν
933 818 1095 896 ὄλβῳ.

421 902 541 959 ἀλλ’
569 909 686 960 οἵδε
708 909 867 978 χέρας
893 911 1110 977 δεσμοῖς
1137 911 1361 977 δίδυμοι

420 993 875 1060 συνερεισθέντες
899 997 1164 1061 χωροῦσι,
1192 993 1321 1045 νεόν

420 1073 752 1145 πρόσφαγμα
771 1081 930 1139 θεᾶς·
958 1081 1170 1145 σιγᾶτε,
1203 1081 1379 1145 φίλαι.

420 1157 483 1212 τὰ
511 1157 613 1229 γαρ
642 1157 915 1230 Ἑλλήνων
942 1157 1238 1228 ἀκροθίνια
1264 1158 1332 1229 δὴ

421 1257 600 1299 ναοῖσι
627 1246 790 1308 πέλας
815 1244 941 1298 τάδε
966 1250 1173 1313 βαίνει·

420 1323 544 1381 οὐδ’
575 1324 829 1398 ἀγγελίας
855 1332 1076 1393 ψευδεῖς
1102 1333 1296 1382 ἔλακεν

420 1411 739 1482 βουφορβὸς
764 1410 919 1483 ἀνήρ.

420 1488 464 1549 ὦ
489 1494 687 1566 πότνι’,
720 1504 773 1553 εἴ
791 1515 875 1552 σοι
899 1494 1019 1552 τάδ’
1050 1494 1390 1566 ἀρεσκόντως

420 1580 574 1645 πόλις
603 1578 697 1651 ’ἥδε
722 1589 891 1651 τελεῖ,
923 1584 1070 1647 δέξαι
1094 1587 1314 1650 θυσιάς,

418 1660 479 1729 ἃς
507 1662 534 1719 ὁ
561 1663 692 1735 παρ’
725 1663 853 1736 ἡμῖν
880 1665 1044 1735 νόμος
1072 1663 1171 1735 οὐχ
1200 1663 1352 1730 ὁσίας

403 1745 625 1820 ‘'Eune-0
653 1749 845 1815 διδοὺς
870 1747 1183 1820 ἀναφαίνει.

416 1832 551 1888 εἶεν·

417 1942 481 1973 τα
500 1924 592 1988 τῆς
617 1925 754 1974 θεοῦ
780 1942 880 1989 μεν
905 1924 1124 1991 πρῶτον
1150 1916 1220 1983 ως
1247 1925 1394 1974 καλ
1354 1943 1424 1983 ως
1450 1926 1542 1992 ἔχῃ

419 2006 809 2074 φροντιστέον
805 2026 909 2058 ιιοι.
937 2006 1135 2074 μεθετε
1161 2027 1270 2058 των
1294 2006 1467 2069 ξένων
1490 2006 1665 2074 χέρας,

419 2112 490 2152 ως
519 2084 672 2152 ὄντες
700 2090 836 2157 ιεροὶ
861 2085 1047 2159 μηκέτ
1079 2106 1178 2143 ωσι
1204 2091 1431 2158 δέσμιοι

416 2178 554 2227 ναοῦ
582 2169 634 2227 δ’
666 2179 768 2228 ἔσω
788 2179 1090 2242 στείχοντες
1117 2170 1338 2243 εὐτρεπ
1335 2179 1455 2240 ’ζετε

417 2254 450 2311 ἃ
473 2255 574 2328 χρὴ
610 2254 689 2312 ’πὶ
715 2270 825 2322 τοῖς
851 2264 1088 2327 παροῦσι
1113 2259 1203 2312 καὶ
1230 2263 1518 2327 νομίζεται.

418 2347 552 2411 φεῦ·

416 2449 495 2489 τις
522 2418 624 2495 ἆρα
652 2449 825 2496 μητηρ
851 2423 884 2497 ἡ
912 2424 1129 2481 τεκοῦσ’
1161 2424 1302 2497 ὑμᾶς
1328 2448 1458 2481 ποτε

417 2510 590 2580 πατήρ
607 2511 668 2574 τ’;
693 2506 906 2581 ἀδελφή
932 2508 980 2565 τ’
990 2517 1082 2566 ,εί
1103 2518 1318 2580 γεγῶσα
1343 2532 1594 2580 τυγχανει
1614 2553 1626 2575 ,

416 2597 548 2647 οἵων
573 2606 822 2664 στερεῖσα
848 2567 1128 2665 διπτυχων
1152 2601 1391 2651 νεανιῶν

416 2673 726 2749 ἀνάδελφος
751 2684 914 2733 ἔσται.
946 2678 1038 2743 τὰς
1064 2679 1228 2749 τύχας
1254 2687 1334 2744 τίς
1358 2676 1466 2734 οἷδ’
1494 2675 1576 2733 ὅτι

415 2766 613 2817 τοιαίδ’
645 2768 889 2828 ἔσονται;
918 2763 1093 2818 πάντα
1117 2763 1220 2835 γὰρ
1246 2763 1311 2819 τὰ
1337 2768 1449 2819 τῶν
1473 2768 1626 2817 θεῶν

415 2850 491 2909 είς
514 2843 722 2911 ἀφανὲς
749 2848 929 2915 ἕρπει,
956 2844 1160 2903 κούδὲν
1186 2845 1294 2903 οἷδ’
1335 2843 1521 2910 οὐδεὶς
1546 2846 1716 2902 κακόν

1801 418 1884 462 450

1801 839 1883 881 455

1801 1681 1877 1726 465

1798 2188 1879 2233 470

1795 2694 1877 2736 475
