2018 3117
772 107 1088 153 ΟΡΕΣΤΗΣ
1629 110 1727 162 287

91 250 206 301 HA.
274 244 407 315 ἐγώ,
435 246 741 318 κασίγνητ’,
770 244 904 302 αὐτὸ
933 246 1085 303 τοῦτ’
1113 254 1254 320 ἔχειν
1280 255 1445 309 δοκῶ.

274 336 550 400 σωτηρίαν
574 333 658 386 σοὶ
683 333 826 406 τῷδέ
846 329 896 385 τ’
925 335 984 386 ἐκ
1010 338 1211 400 τρίτων
1235 331 1283 388 τ’
1313 337 1445 405 ἐμοί.

82 419 188 467 ΟΡ.
270 419 411 468 θεοῦ
435 417 611 484 λέγεις
633 416 918 487 πρόνοιαν.
947 413 1084 471 ἀλλὰ
1106 423 1215 472 ποῦ
1241 417 1394 484 τόδε;

272 499 388 553 ἐπεὶ
411 497 470 553 τὸ
498 500 732 554 συνετόν
751 498 804 563 γ’
830 497 949 552 οἶδα
971 503 1041 569 σῇ
1059 506 1205 569 ψυχῇ
1227 502 1420 569 παρόν.
1622 517 1732 560 1180

79 588 197 637 HA.
266 579 433 638 ἄκουε
459 582 528 654 δή
552 606 655 639 νυν
683 581 862 639 καὶσὺ
889 588 1055 655 δεῦρο
1081 591 1220 640 νοῦν
1244 592 1345 657 ἔχε.

83 672 186 720 ΟΡ.
267 664 383 737 λέγ’
405 686 415 695 ·
443 665 514 732 ὡς
538 665 598 722 τὸ
627 674 845 738 μέλλειν
871 664 1040 739 ἀγάθ’
1069 674 1175 738 ἔχει
1200 668 1306 725 τιν’
1332 668 1558 743 ἡδονήν.

77 756 196 804 ΗΛ.
257 747 472 822 Ἑλένης
500 751 766 809 κάτοισθα
794 749 1099 822 θυγατέρ’;
1131 751 1298 808 εἰδότ’
1328 753 1557 826 ἠρόμην.

81 841 185 889 ΟΡ.
260 834 347 890 οἶδ
354 833 388 905 ’,
415 833 484 907 ἣν
511 843 752 907 ἔθρεψεν
780 834 1070 906 Ἑρμιόνην
1092 837 1267 910 μήτηρ
1294 839 1409 911 ε’μή.

77 925 198 973 HA.
267 917 406 990 αὕτη
436 923 637 991 βέβηκε
663 918 799 992 πρὸς
822 922 1314 994 Κλυταιμνήστρας
1344 924 1536 994 τάφον.
1621 939 1728 982 1185

81 1010 185 1058 ΟΡ.
265 1010 322 1058 τί
339 1011 517 1075 χρῆμα
547 1001 841 1076 δράσουσ’;
872 1003 1144 1077 ὑποτίθης
1170 1003 1280 1062 τίν’
1310 1010 1535 1075 ἐλπίδα;

78 1094 196 1142 HA.
260 1087 386 1158 χοὰς
411 1087 834 1144 κατασπείσουσ’
864 1086 1002 1161 ὑπὲρ
1027 1089 1229 1162 μητρὸς
1257 1091 1452 1163 τάφου.

81 1179 184 1226 ΟΡ.
263 1175 354 1227 καὶ
383 1178 416 1228 δ
423 1171 450 1245 ὴ
479 1181 535 1229 τί
552 1197 645 1243 μοι
669 1170 820 1229 τοῦτ’
855 1174 1007 1238 εἶπας
1031 1180 1106 1238 είς
1136 1183 1440 1248 σωτηρίαν;

75 1263 195 1312 HA.
265 1254 568 1330 συλλάβεθ’
603 1255 812 1329 ὅμηρον
837 1256 1015 1330 τήνδ’,
1053 1256 1186 1314 ὅταν
1211 1267 1394 1333 στείχῃ
1425 1261 1606 1317 πάλιν.

81 1349 185 1397 ΟΡ.
264 1349 410 1408 τίνος
435 1339 553 1399 τόδ’
584 1342 736 1406 εἶπας
763 1343 1057 1414 φάρμακον
1083 1358 1319 1416 τρισσοῖς
1346 1351 1527 1416 φίλοις
1543 1372 1556 1413 ;
1619 1361 1730 1404 1190

76 1433 195 1481 HA.
256 1423 472 1498 Ἑλένης
493 1428 777 1497 θανούσης
793 1471 806 1497 ,
839 1425 910 1498 ἤν
933 1451 982 1483 τι
1005 1431 1301 1494 Μενέλεως
1326 1430 1385 1485 σὲ
1409 1433 1514 1503 δρᾷ

267 1507 301 1581 ἦ
330 1510 491 1567 τόνδε
520 1508 680 1582 κᾶμέ,
707 1518 817 1566 πᾶν
841 1511 943 1584 γὰρ
977 1509 1037 1568 ἓν
1068 1519 1233 1584 φίλον
1258 1514 1400 1584 τόδε,

265 1591 383 1666 λέγ’
418 1594 490 1661 ὡς
515 1596 807 1668 φονεύσεις
829 1593 1145 1668 Ἑρμιόνην·
1174 1599 1330 1669 ξίφος
1356 1599 1416 1654 δὲ
1440 1598 1542 1669 χρὴ

265 1682 397 1752 δέρῃ
421 1679 556 1753 πρὸς
586 1678 726 1753 αὐτῇ
756 1684 1044 1751 παρθένου
1071 1680 1338 1738 σπάσαντ’
1367 1689 1525 1753 ἔχειν.

269 1760 372 1820 κᾶν
394 1768 496 1836 μέν
523 1785 583 1820 σε
607 1765 746 1837 σώζῃ
769 1765 841 1837 μὴ
867 1776 1065 1821 θανεῖν
1093 1765 1306 1840 χρῄζων
1330 1768 1504 1839 κόρην
1616 1783 1727 1827 1195

262 1852 574 1920 ιΜενέλαος,
600 1847 816 1922 Ἑλένης
846 1848 1022 1922 πτῶμ’
1053 1850 1190 1907 ἰδών
1216 1854 1275 1907 ἐν
1299 1856 1500 1923 αἵματι,

263 1936 428 2005 μέθες
451 1940 731 1990 πεπᾶσθαι
755 1938 918 2006 πατρὶ
947 1938 1234 2007 παρθένου
1260 1939 1424 2008 δέμας
1441 1955 1452 1965 ·

267 2014 337 2089 ἦν
360 2015 413 2073 δ’
441 2016 729 2090 ὀξυθύμου
753 2017 825 2091 μὴ
851 2020 1440 2092 κρατῶνφρονήματος

263 2109 450 2176 κτείνῃ
479 2122 566 2174 σε,
592 2106 683 2159 καὶ
711 2102 781 2160 σὺ
807 2105 975 2176 σφάζε
999 2107 1286 2177 παρθένου
1313 2109 1495 2179 δέρην.

263 2194 361 2243 καί
382 2211 473 2244 νιν
499 2193 672 2258 δοκῶ,
699 2187 758 2244 τὸ
784 2195 1002 2261 πρῶτον
1027 2185 1097 2262 ἢν
1121 2187 1292 2255 πολὺς
1316 2197 1480 2264 παρῇ,
1616 2207 1726 2248 1200

263 2271 452 2373 χρόνῳ
466 2273 725 2343 μαλάξειν
749 2274 1086 2346 σπλάγχνον·
1117 2271 1245 2330 οὔτε
1270 2274 1373 2345 γὰρ
1400 2275 1616 2347 θρασὺς

265 2353 386 2411 οὐτ’
419 2354 681 2429 αλκιμος
666 2360 896 2430 πέφυκε.
939 2357 1098 2430 τήνδ’
1124 2356 1255 2431 ἡμῖν
1282 2365 1383 2430 ἔχω

264 2448 532 2540 σωτῃρίας
558 2445 798 2509 ἔπαλξιν.
828 2452 1035 2514 εἴρηται
1059 2442 1234 2513 λόγος.

79 2533 183 2582 ΟΡ.
264 2548 304 2579 ω
336 2523 428 2589 τὰς
452 2529 656 2598 φρένας
685 2528 786 2597 μὲν
811 2522 1042 2598 α’ρσενας
1067 2529 1384 2599 κεκτημένη,

265 2606 323 2664 τὸ
350 2615 503 2680 σῶμα
531 2609 584 2666 δ’
607 2617 668 2668 ἐν
697 2613 914 2682 γυναιξι
937 2617 1188 2681 θηλείαις
1213 2618 1439 2683 πρέπον,
1618 2626 1723 2668 1205

266 2715 338 2758 ως
360 2690 483 2758 ἀξία
507 2695 606 2763 ζην
623 2702 838 2765 μᾶλλον
863 2720 896 2766 η
925 2705 1126 2751 θανειν
1151 2702 1304 2766 ἔφυς.

260 2777 521 2878 Πυλάδη,
549 2779 800 2850 τοιαύτης
823 2776 911 2849 αρ’
942 2776 1214 2882 αμαρτήσε
1192 2804 1238 2835 ει
1263 2780 1427 2845 τάλας

265 2859 526 2935 γυναικὸς
549 2886 583 2934 η
608 2868 714 2931 ζῶν
736 2864 1004 2935 μακάριον
1033 2866 1213 2937 κτήσει
1241 2867 1407 2936 λέχος.
