2018 3117
230 272 334 320 ΟΡ.

228 357 324 406 ΙΦ.

232 441 337 490 ΟΡ.

228 527 325 575 ΙΦ.

232 611 337 660 ΟΡ.

233 696 326 745 [Φ.

232 780 338 830 ΟΡ.

227 866 325 915 ΙΦ.

231 951 338 1000 ΟΡ.

226 1036 326 1086 ΙΦ.

234 1121 337 1170 ΟΡ.

230 1207 325 1256 ΙΦ.

233 1291 337 1339 ΟΡ.

232 1376 326 1426 ΙΦ.

233 1461 338 1509 ΟΡ.

227 1546 327 1595 ΙΦ.

234 1631 338 1679 ΟΡ.

232 1717 327 1765 Ich.

235 1800 340 1849 ΟΡ..

231 2141 329 2189 ΙΦ.

655 120 688 166 I
697 119 1030 165 ΦΙΓΕΝΕΙΑ
1062 119 1122 164 Η
1147 119 1243 166 ΕΝ
1279 120 1571 166 ΤΑΥΡΟΙΣ

411 267 608 335 χρῆσαι
634 272 850 315 κακοῖσι
874 272 987 325 τοῖς
1011 263 1183 331 ἐμοῖς,
1212 265 1263 315 εἰ
1284 264 1586 331 κερδανεῖς.

417 345 488 412 ὠς
511 342 579 401 ού
598 347 758 415 θέμις
782 362 843 399 σε
866 346 1091 416 λέξομεν
1115 343 1284 400 θύειν
1305 350 1430 419 θεᾷ,

419 428 526 489 τίν’
554 435 736 485 αἰτίαν
761 429 976 497 ἔχον·θ’;
1003 427 1300 486 ὑποπτεύω
1327 453 1377 485 τι
1402 428 1522 501 γάρ.

416 513 483 574 ού
508 512 763 585 καθαρὸν
788 510 949 584 ὅντα,
979 513 1039 570 τὸ
1066 512 1119 570 δ’
1149 511 1303 570 ὅσιον
1331 513 1491 569 δώσω
1519 513 1694 591 φόνῳ.

418 608 476 658 τί
495 605 631 671 δῆτα
656 604 865 670 μᾶλλον
888 604 1024 664 θεᾶς
1049 596 1249 671 ἄγαλμ’
1280 596 1590 666 ἁλι’σκεται;

416 685 624 744 πόντου
652 701 714 740 σε
739 696 939 755 πηγαῖς
962 680 1184 755 ἁγνίσαι
1208 684 1567 756 βουλήσομαι,

413 773 491 826 ἔτ’
533 775 593 826 ἐν
631 772 848 842 δόμοισι
869 774 1081 841 βρέτας,
1103 767 1193 840 ἐφ’
1224 761 1267 843 ᾦ
1293 767 1697 840 πεπλεύκαμεν.

415 855 637 912 κάκεῖνο
662 860 847 925 νίψαι,
875 860 976 910 σοῦ
1004 854 1264 926 θιγόντος
1293 851 1393 925 ὥς,
1422 857 1545 925 ἐρῶ.

418 953 515 998 ποῖ
537 945 702 1011 δῆτα;
730 938 939 996 πόντου
965 938 1195 1011 νοτερὸν
1222 940 1375 1004 εἶπας
1403 945 1662 1011 ἔκβολον;

416 1019 485 1083 οὗ
510 1030 648 1088 ναῦς
671 1032 914 1095 χαλινοῖς
937 1027 1239 1091 λινοδέτοις
1264 1021 1424 1095 ὁρμεῖ
1446 1026 1630 1079 σέθεν.

420 1111 490 1168 σὺ
517 1107 569 1166 δ’
597 1107 631 1181 ἥ
654 1132 734 1174 τις
759 1106 921 1174 ἄλλος
945 1113 1004 1165 ἐν
1026 1122 1213 1181 χεροῖν
1236 1119 1374 1166 οἴσει
1398 1111 1622 1180 βρέτας;

417 1195 550 1269 ἐγώ·
581 1204 768 1265 θιγεῖν
793 1194 897 1265 γὰρ
922 1191 1079 1250 ὅσιόν
1104 1192 1212 1250 ἐστ’
1244 1196 1362 1266 ἐμοὶ
1386 1192 1544 1266 μόνῃ.

417 1280 683 1351 Πυλάδης
710 1277 762 1334 δ’
793 1277 878 1335 ὅδ’
907 1276 1039 1350 ἡμῖν
1062 1285 1172 1334 ποῦ
1198 1277 1472 1345 τετάξεται
1501 1284 1699 1346 χοροῦ;

414 1362 617 1422 ταύτὸν
640 1377 825 1436 χεροῖν
849 1366 935 1421 σοὶ
960 1366 1167 1429 λέξεται
1192 1362 1379 1435 μίασμ’
1411 1370 1565 1434 ἔχων.

418 1451 603 1523 λάθρα
630 1447 683 1505 δ’
714 1448 944 1514 ἄνακτος
969 1445 1002 1521 ἢ
1029 1448 1234 1514 εἰδότος
1260 1449 1478 1519 δράσεις
1503 1448 1659 1514 τάδε;

417 1542 650 1594 πείσασα
674 1534 903 1607 μύθοις·
930 1532 998 1591 οὐ
1023 1533 1126 1606 γὰρ
1152 1530 1221 1589 ἂν
1245 1534 1477 1606 λάθοιμί
1496 1556 1574 1605 γε.

415 1623 508 1678 καὶ
533 1620 641 1693 μὴν
664 1620 803 1684 νεώς
828 1643 890 1691 γε
916 1625 1142 1684 πίτυλος
1170 1616 1369 1691 εὐήρης
1394 1619 1556 1689 πάρα.

418 1708 506 1763 σοὶ
533 1704 600 1777 δὴ
625 1708 812 1776 μέλειν
834 1703 935 1776 χρὴ
962 1702 1113 1760 τᾶλλ’
1143 1700 1289 1770 ὅπως
1313 1707 1419 1770 ἕξει
1443 1708 1638 1768 καλῶς.

419 1790 540 1856 ἑνὸς
565 1789 738 1862 μόνου
764 1795 874 1860 δεῖ,
912 1790 1076 1845 τάσδε
1100 1789 1420 1862 συγκρύψαι
1444 1789 1590 1844 τάδε.

424 1874 544 1932 ἀλλ’
578 1873 793 1944 ἀντίαζε
819 1878 910 1931 καὶ
935 1874 1135 1946 λόγους
1162 1880 1517 1946 πειστηρίους

421 1958 638 2033 εὕρισκ’
662 1979 673 1990 ·
702 1967 809 2032 ἔχει
834 1983 916 2016 τοι
943 1960 1183 2032 δύναμιν
1210 1966 1284 2025 εἰς
1310 1959 1496 2015 οἶκτον
1519 1957 1679 2031 γυνή.

421 2045 485 2103 τὰ
513 2044 567 2102 δ’
598 2043 718 2101 ἄλλ’
750 2055 879 2112 ἴσως
904 2042 972 2102 ἂν
997 2046 1173 2101 πάντα
1199 2051 1441 2117 συμβαίη
1467 2050 1663 2109 καλῶς.

420 2125 463 2188 ὦ
489 2138 744 2203 φίλταται
769 2144 1054 2203 γυναῖκες,
1083 2136 1157 2195 εἰς
1181 2128 1322 2202 ὑμᾶς
1346 2131 1549 2202 βλέπω,

423 2220 514 2272 καὶ
539 2214 662 2288 τᾶμ’
687 2220 746 2273 ἐν
771 2214 904 2289 ὑμῖν
929 2219 1076 2272 ἐστιν
1100 2212 1133 2287 ἢ
1158 2222 1336 2281 καλῶς
1361 2221 1506 2286 ἔχειν

422 2298 454 2374 ἦ
477 2302 650 2374 μηδὲν
676 2301 816 2357 εἶναι
843 2303 942 2357 καῖ
959 2307 1296 2373 στερηθῆναι
1322 2300 1528 2370 πάτρας

428 2393 594 2456 φίλου
618 2383 667 2442 τ’
698 2385 945 2458 ἀδελφοῦ
972 2385 1232 2457 φιλτάτης
1255 2408 1313 2441 τε
1337 2383 1634 2455 συγγόνου.

422 2473 516 2528 καὶ
540 2477 728 2543 πρῶτα
753 2475 853 2543 μέν
878 2495 968 2543 μοι
991 2476 1089 2526 τοῦ
1116 2470 1284 2542 λόγου
1309 2466 1429 2524 τάδ’
1458 2466 1694 2539 ἀρχέτω·

427 2559 684 2628 γυναῖκές
711 2560 900 2628 ἐσμεν,
928 2555 1207 2628 φιλόφρον
1235 2552 1492 2626 ἀλλήλαις
1517 2555 1692 2625 γένος,

423 2641 615 2710 σώζειν
639 2664 696 2697 τε
721 2641 880 2697 κοινὰ
905 2637 1176 2713 πράγματ’
1207 2637 1631 2710 ἀσφαλέσταται.

421 2724 681 2799 σιγήσαθ’
711 2723 841 2797 ἡμῖν
865 2728 956 2782 καὶ
981 2724 1428 2796 συνεκπονήσατε

424 2811 621 2884 φυγάς.
648 2811 819 2867 καλόν
845 2834 927 2867 τοι
953 2807 1156 2882 γλῶσσ’
1185 2806 1290 2884 ὅτῳ
1317 2805 1479 2880 πιστὴ
1498 2812 1663 2880 παρῇ.

424 2894 586 2968 ὁρᾶτε
612 2893 664 2952 δ’
696 2893 766 2962 ὡς
791 2909 934 2968 τρεῖς
959 2901 1056 2967 μία
1081 2894 1214 2966 τύχη
1240 2892 1369 2958 τοὺς
1393 2891 1692 2964 φιλτάτους

1776 361 1886 403 1035

1779 781 1888 824 1040

1776 1206 1884 1249 1045

1779 1633 1886 1673 1050

1778 2058 1887 2100 1055

1780 2481 1889 2525 1060

1781 2902 1886 2947 1065
