2018 3117
200 82 299 135 218
829 82 948 127 ΜΗ
951 85 996 127 Δ
1000 83 1122 127 EIA

390 229 575 279 ἔπειτα
602 225 819 276 παίδων
845 212 925 274 ὦν
946 223 1263 290 ἐπαγγέλλει
1284 221 1451 291 γονάς
1470 243 1482 255 ·

392 313 469 373 εἰς
494 312 657 362 τοῦτο
682 304 786 376 γὰρ
813 303 880 376 δὴ
908 304 1157 376 φροῦδός
1185 309 1294 376 εἰμι
1318 310 1422 370 πᾶς
1446 306 1571 379 ἐγώ.

388 391 556 462 [οὕτω
585 391 638 442 δ’
666 394 776 459 ἔχει
800 410 915 459 μοι·
959 394 1062 442 σοῦ
1089 390 1191 458 μὲν
1219 390 1496 457 ἐλθούσης
1521 389 1726 457 χθόνα,

386 475 723 544 πειράσομαί
744 488 847 527 σου
872 475 1163 542 προξενεῖν
1191 475 1401 535 δίκαιος
1429 472 1555 541 ὤν]

389 560 620 612 τοσόνδε
646 559 833 627 μέντοι
859 573 946 611 σοι
972 562 1362 627 προσημαίνω,
1390 556 1582 624 γύναι·

390 644 452 696 ἐκ
477 646 643 712 τῆσδε
669 645 770 710 μὲν
795 647 894 711 γῆς
920 642 988 695 οὔ
1015 638 1064 695 σ’
1095 636 1250 710 ἄγειν
1275 642 1646 710 βουλήσομαι·

190 760 238 783 v
388 725 631 789 ἀναίτιος
657 725 764 794 γαρ
792 729 884 779 καὶ
910 727 1084 790 ξένοις
1111 723 1253 779 εἶναι
1278 727 1444 779 θέλω.

10 842 46 885 4
83 785 198 883 (ρ,
217 828 246 865 ο
389 809 526 880 αὐτὴ
557 811 609 863 δ’
640 812 846 879 ἐάνπερ
875 813 951 872 εἰς
979 809 1144 880 ἐμοὺς
1171 814 1340 880 ἔλθῃς
1367 810 1598 878 δόμους,

0 931 32 963 2,
106 869 164 916 ’Φ
386 905 568 961 μενεῖς
594 894 800 958 ἄσυλος
825 895 930 948 κοῦ
957 912 1018 948 σε
1044 894 1114 964 μὴ
1143 899 1295 968 μεθῷ
1325 914 1450 946 τινι.

391 980 477 1047 [ἐκ
504 981 669 1048 τῆσδε
697 978 748 1031 δ’
778 978 915 1048 αὐτὴ
941 984 1040 1048 γῆς
1066 978 1428 1031 ἀπαλλάσσου
1455 978 1642 1045 πόδα]

197 1065 329 1116 ΜΗ.
387 1065 540 1116 ἔσται
565 1064 712 1117 τάδ’·
753 1062 891 1117 ἄλλα
919 1067 1098 1125 πίστις
1127 1064 1175 1115 εί
1199 1062 1416 1129 γένοιτό
1442 1081 1534 1129 μοι

391 1144 604 1198 τούτων
619 1142 832 1214 ,ἔχοιμ’
863 1141 931 1198 αν
958 1169 1138 1200 παντα
1162 1147 1300 1219 πρὸς
1325 1151 1496 1204 σέθεν
1521 1155 1718 1215 καλῶς.

199 1236 297 1284 ΑΙ.
387 1234 507 1299 μῶν
531 1225 598 1283 οὐ
626 1231 928 1296 πέποιθας;
962 1226 996 1300 η’
1020 1237 1077 1285 τί
1099 1250 1186 1286 σοι
1210 1231 1270 1288 τὸ
1298 1237 1590 1305 δυσχερές;

199 1320 333 1369 MH.
385 1300 657 1368 πέποιθα
684 1319 898 1369 Πελίου
925 1312 976 1369 δ’
1007 1317 1205 1387 ἐχθρός
1230 1320 1350 1373 ἐστί
1367 1342 1459 1423 μοι
1487 1320 1653 1390 δόμος

385 1400 585 1469 Κρέων
610 1421 683 1454 τε.
710 1399 927 1464 τούτοις
953 1398 1011 1455 δ’
1018 1398 1299 1473 ,ὁρκίοισι
1323 1427 1424 1475 μεν
1448 1411 1647 1477 ζυγείς,

388 1481 623 1554 ἄγουσιν
648 1481 715 1539 οὐ
740 1480 929 1562 μιεθ“εῑ’
958 1481 1027 1540 ἂν
1051 1488 1109 1541 ἐκ
1135 1494 1293 1558 γαίας
1319 1491 1438 1560 ἐμέ·

387 1568 571 1639 λόγοις
597 1569 657 1623 δὲ
682 1568 894 1640 συμβὰς
929 1569 1001 1637 μὴ
1038 1578 1193 1627 θεῶν
1227 1573 1497 1645 ἐνώμοτος

389 1660 549 1725 φίλος
575 1652 748 1724 γένοι’
779 1651 848 1710 ἂν
873 1652 1258 1728 κᾶπικηρυκεύ
1303 1682 1405 1716 ατα

386 1736 494 1809 τάχ’
525 1735 592 1793 ἂν
618 1746 779 1794 πίθοι
810 1761 898 1796 σε·
937 1742 1078 1812 τάμὰ
1099 1747 1198 1813 μὲν
1219 1744 1323 1814 γὰρ
1345 1743 1575 1815 ἀσθενῆ,

388 1837 501 1888 τοϊς
527 1821 581 1878 δ’
611 1820 774 1894 ὄλβος
799 1824 911 1880 ἔστι
937 1827 1029 1880 καὶ
1061 1826 1228 1897 δόμος
1252 1829 1602 1899 τυραννικός.

199 1916 294 1964 ΑΙ.
386 1906 596 1978 πολλὴν
629 1913 838 1975 ἔδειξας
865 1914 927 1966 ἐν
954 1913 1140 1980 λόγοις
1175 1920 1526 1983 προμηθίαν·

387 1990 512 2049 ἀλλ’
545 1999 595 2048 εἰ
618 1997 773 2049 δοκεῖ
793 2013 908 2064 σοι,
936 1999 1076 2063 δρᾶν
1100 1993 1225 2051 τάδ’
1255 1995 1358 2052 οὐκ
1384 1995 1708 2071 ἀφίσταμαι.

387 2081 512 2149 ἐμοί
530 2101 588 2132 τε
613 2101 716 2148 γαρ
742 2076 862 2133 ταδ’
892 2081 1040 2135 ἐστὶν
1066 2078 1248 2152 ἆσφαλ
1255 2084 1467 2153 ε’στατα,
1531 2067 1560 2107 *<

385 2169 592 2243 GAQv
616 2160 722 2218 τιν’
753 2166 974 2233 ἐχθροῖς
999 2178 1115 2229 σοῖς
1141 2172 1332 2236 έχοντα
1359 2167 1666 2239 δεικνύναι,

387 2246 448 2303 τὸ
473 2248 575 2304 σόν
598 2245 646 2302 τ’
676 2270 848 2319 αραρε
871 2254 1105 2319 μᾶλλον·
1143 2254 1341 2321 ἐξηγοῦ
1366 2252 1551 2317 θεούς.

198 2341 334 2390 ΜΗ.
381 2331 525 2405 όιινυ
551 2334 721 2388 πέδον
744 2338 855 2404 Γῆς
880 2336 1088 2405 πατέρα
1111 2333 1172 2389 θ’
1198 2333 1393 2391 Ἥλιον
1418 2335 1622 2409 πατρὸς

389 2416 602 2489 τούμοῦ
628 2423 782 2473 θεῶν
806 2441 864 2473 τε
889 2421 1174 2484 συντιθεὶς
1199 2417 1345 2475 ἅπαν
1371 2423 1543 2493 γένος,

386 2501 510 2575 μητ’
539 2500 705 2567 αὐτὸς
730 2506 788 2558 ἐκ
814 2509 912 2574 γῆς
936 2509 1033 2575 σῆς
1061 2502 1146 2610 ἔμ’
1175 2507 1431 2577 ἐκβαλεῖν
1455 2529 1605 2579 ποτε,

387 2585 517 2660 μήτ’
547 2585 710 2652 α’λλος
734 2585 807 2658 ήν
831 2611 912 2653 τις
936 2594 1048 2644 τῶν
1073 2592 1219 2660 ε’μῶν
1244 2589 1510 2663 ἐχθρῶν’
1489 2615 1647 2664 αγειν

386 2673 553 2746 χρῄζη
566 2716 579 2743 ,
606 2672 874 2744 μεθησειν
897 2678 1004 2740 ζῶν
1032 2676 1267 2750 ἑκουσίῳ
1292 2664 1495 2754 τρόπω.

393 2859 471 2898 ΑΙ.
503 2856 552 2898 τί
574 2857 728 2912 χρῆμα
760 2855 948 2913 δράσειν
976 2853 1008 2916 ἢ
1038 2861 1089 2902 τί
1114 2856 1175 2916 μὴ
1209 2859 1427 2915 δράσεινς
1457 2859 1568 2917 λέγε.

1783 1418 1860 1463 735

1780 1845 1862 1889 740

1779 2267 1860 2310 745

1776 2605 1858 2650 750
