2018 3117
106 623 218 681 XO.

107 967 216 1017 ΕΚ.

785 63 1041 110 ΤΡΩΙΑΔ
1045 65 1137 112 ΕΣ
1650 67 1747 117 361

292 207 350 260 οἵ
370 225 426 259 τε
449 207 548 274 γῆς
574 200 764 277 ἔνερθ’
793 199 1023 274 ἀδελφοὶ
1045 201 1122 275 χῶ
1148 202 1323 261 τεκῶν
1345 201 1485 277 ἡμᾶς
1505 205 1698 279 πατήρ,

293 284 360 343 οὐ
384 285 601 359 μακρὰν
627 289 859 354 δέξεσθέ
883 285 946 358 μ’
965 306 977 317 ·
1012 285 1128 359 ἥκω
1154 286 1206 344 δ’
1237 294 1312 354 εἰς
1333 287 1568 363 νεκροὺς
1592 313 1752 362 νικη-

860 371 934 442 φό
973 395 1031 438 ος
1671 387 1756 431 460

290 457 382 511 καὶ
421 455 624 527 δόμους
659 452 887 529 πέρσασ’
918 395 1238 528 ῧτρειδῶν,
1281 455 1360 514 ὧν
1394 455 1750 529 ἀπωλόμεσθ’

856 562 983 595 υπο.

283 621 510 695 Ἑκάβης
532 629 755 697 γεραιᾶς
782 624 1051 695 φύλακες,
1079 623 1146 680 οὐ
1173 625 1469 698 δεδόρκατε

291 711 588 764 δέσποιναν
614 706 685 773 ῶς
710 706 950 773 ἄναυδος
977 714 1052 773 εἰς
1076 712 1248 765 πέδον
1271 716 1481 766 πίτνει·
1469 755 1482 778 ,

289 790 392 848 οὐκ
417 790 778 864 ἀντιλήψεσθ’
799 818 813 859 ;
838 789 872 863 ἢ
895 791 1179 864 μεθήσετ’,
1208 787 1252 849 ῶ
1276 801 1459 866 κακαί,

289 890 488 949 γραῖαν
515 883 825 943 πεσοῦσαν;
850 874 1022 978 αιρετ’
1052 883 1127 942 εἰς
1151 875 1330 950 ὀρθὸν
1356 882 1536 950 δέμας.
1671 894 1754 938 465

287 963 411 1017 ἐᾶτέ
429 959 487 1033 μ’
494 1005 509 1031 ,
537 959 689 1018 οὔτοι
713 967 848 1032 φίλα
870 959 936 1017 τὰ
959 960 1030 1032 μὴ
1058 960 1198 1033 φίλ’,
1226 964 1267 1018 ῶ
1293 963 1470 1034 κόραι,

291 1055 513 1102 κεισθαι
538 1052 842 1102 πεσοῦσαν·
869 1047 1176 1118 πτωμάτων
1198 1046 1303 1120 γὰρ
1329 1045 1451 1114 άξια

289 1131 475 1201 πάσχω
501 1153 558 1186 τε
583 1133 674 1186 καὶ
697 1133 950 1186 πέπονθα
975 1154 1098 1186 κατι
1123 1138 1394 1204 πείσομαι.

291 1217 332 1270 ῶ
359 1222 513 1271 θεοί·
540 1214 743 1280 κακοὺς
765 1239 866 1286 μεν
890 1213 1145 1271 ἀνακαλῶ
1170 1215 1299 1281 τοὺς
1326 1217 1658 1290 συμμάχους,

291 1297 436 1371 όμως
461 1298 514 1355 δ’
545 1306 652 1371 ἔχει
676 1324 728 1355 τι
752 1306 929 1371 σχῆμα
953 1301 1272 1372 κικλήσκειν
1296 1303 1482 1372 θεούς,
1668 1315 1754 1360 470

291 1382 423 1440 ὅταν
445 1407 525 1449 τις
550 1383 727 1490 ἡμῶνῗ
730 1389 972 1456 δυστυχῆ
1002 1385 1142 1458 λάβῃ
1166 1386 1353 1457 τύχην.

291 1475 512 1541 πρῶτον
534 1493 635 1540 μεν
659 1471 763 1525 οὐν
787 1492 879 1541 μοι
902 1467 1102 1540 τάγάθ’
1136 1473 1318 1544 ἐξασαι
1345 1477 1537 1541 φί··λον

289 1566 402 1618 τοῖς
426 1577 530 1625 γαρ
556 1567 772 1609 κακοῖσι
796 1552 1008 1609 πλείον’
1038 1554 1221 1610 οἶκτον
1245 1557 1479 1627 ἐμβαλῶ.

286 1634 432 1709 ἥμην
457 1638 727 1711 τύραννος
751 1644 863 1703 κείς
887 1636 1118 1712 τύρανν’
1147 1639 1445 1711 ἐγημάμην,

292 1720 568 1778 κάνταῦθ’
598 1721 940 1796 ἀριστεύοντ’
971 1723 1264 1795 ἐγεινάμην
1287 1726 1467 1794 τέκνα,
1671 1737 1755 1781 475

292 1804 394 1862 οὐκ
421 1805 664 1881 ἀριθμὸν
689 1806 891 1877 ἄλλως,
918 1805 1038 1862 ἀλλ’
1068 1806 1410 1879 ὑπερτάτους
1435 1814 1703 1880 Φρυγῶν·

290 1889 357 1946 οὐ
389 1891 578 1966 Τρῳὰς
602 1890 726 1948 οὐδ’
759 1890 1003 1963 Ἑλληνὶς
1027 1889 1160 1948 οὐδὲ
1183 1892 1460 1966 βάρβαρος

291 1974 434 2047 γυνὴ
461 1982 698 2032 τεκοῦσα
721 1977 1055 2048 κομπάσειεν
1081 1973 1150 2032 ἄν
1174 1999 1321 2033 ποτε.

290 2056 521 2116 κάκεῖνά
543 2059 591 2116 τ’
622 2061 775 2117 εἶδον
800 2063 924 2134 δορὶ
949 2059 1184 2117 πεσόνθ’
1204 2059 1520 2137 Ἑλληνικῷ,

288 2150 472 2217 τρίχας
497 2143 549 2201 δ’
573 2146 818 2218 ἐτμήθην
842 2146 1007 2201 τάσδε
1020 2145 1156 2218 πρὸς
1174 2146 1401 2218 τύμβοις
1424 2151 1656 2218 νεκρῶν,
1671 2158 1755 2202 480

290 2230 382 2284 καὶ
404 2228 501 2286 τὸν
532 2230 853 2304 φυτουργὸν
875 2237 1132 2303 Πρίαμον
1158 2229 1260 2286 οὐκ
1285 2229 1467 2286 ἄλλων
1491 2230 1638 2303 πάρα

290 2312 522 2370 κλύουσ’
552 2322 819 2386 ἔκλαυσα,
847 2321 1030 2371 τοῖσδε
1055 2312 1106 2370 δ’
1143 2315 1294 2370 εἶδον
1319 2313 1556 2386 ὄμμασιν

292 2395 431 2469 αὐτὴ
457 2397 861 2471 κατασφαγέντ’
890 2397 980 2470 ἐφ’
1010 2403 1204 2473 ἑρκείῳ
1228 2405 1394 2473 πυρᾷ,

291 2482 453 2537 πόλιν
475 2482 538 2539 θ’
567 2487 829 2542 ἁλοῦσαν.
857 2481 919 2548 ἃς
943 2481 997 2539 δ’
1027 2490 1244 2555 ἔθρεψα
1267 2485 1585 2556 παρθένους

294 2572 370 2631 εἰς
394 2564 602 2640 ἀξίωμα
623 2575 886 2641 νυμφίων
912 2570 1203 2639 ἐξαίρετον,
1670 2581 1753 2626 485

292 2648 506 2708 ἄλλοισι
528 2650 768 2726 θρέψασ’
797 2656 855 2709 ἐκ
878 2658 1056 2724 χερῶν
1081 2649 1393 2724 ἀφῃρέθην.

291 2732 445 2790 κοῦτ’
475 2739 527 2803 ἐξ
552 2741 781 2794 ἐκείνων
805 2739 955 2801 ἐλπὶς
980 2733 1052 2801 ῶς
1076 2733 1414 2809 ὀφθήσομαι,

291 2817 431 2892 αὐτή
454 2818 503 2876 τ’
533 2823 746 2887 ἐκείνας
770 2817 952 2877 οὐκέτ’
980 2817 1190 2893 ὅψομαί
1207 2844 1354 2878 ποτε.
