2018 3117
235 104 336 159 288
893 108 1208 153 ΟΡΕΣΤΗΣ

239 255 357 304 ΠΤ.
432 253 482 302 εἰ
508 247 610 318 γὰρ
635 248 875 317 γένοιτο,
903 247 1146 301 Φωκέων
1171 243 1226 300 δ’
1261 252 1416 303 ἔλθοι
1446 247 1610 303 πόλιν

430 339 679 387 καλοῖσιν
708 327 1057 401 ὑμεναίοισιν
1084 325 1396 402 ἀξιουμένη.
1785 346 1892 387 1210

244 424 349 473 ΟΡ.
427 414 541 486 ἥξει
570 411 624 470 δ’
659 417 713 479 ἐς
741 423 925 480 οἴκους
945 412 1197 486 Ἑρμιόνη
1222 421 1370 480 τίνος
1393 415 1625 486 χρόνους

432 497 502 564 ως
527 496 694 554 τᾶλλα
719 497 771 570 γ’
807 498 986 570 εἶπας,
1016 507 1167 569 εἴπερ
1196 496 1584 571 εὐτυχήσομεν,

431 581 709 654 κάλλισθ’,
738 584 953 648 ἑλόντες
978 583 1228 653 σκύμνον
1252 580 1479 639 ἀνοσίου
1506 584 1725 656 πατρός.

244 677 362 727 ΗΛ.
432 670 522 724 καὶ
550 667 617 740 δὴ
647 671 811 733 πέλας
836 693 927 725 νιν
952 669 1220 740 δωμάτων
1251 667 1391 724 εἶναι
1415 673 1559 724 δοκῶ
1577 686 1588 696 ·

431 759 527 809 τοῦ
558 751 662 826 γὰρ
690 753 894 825 χρόνου
919 752 978 809 τὸ
1003 760 1172 825 μῆκος
1198 750 1332 809 αὐτὸ
1359 754 1661 825 συντρέχει.
1790 766 1893 808 1215

249 846 353 897 ΟΡ.
431 845 609 904 καλῶς
628 857 638 866 ·
677 837 746 893 σὺ
776 842 876 909 μὲν
905 848 1039 909 νῦν,
1069 835 1298 909 σύγγον’
1334 834 1623 908 Ἠλέκτρα,
1651 836 1840 908 δόμων

434 923 604 995 πάρος
627 926 867 993 μένουσα
892 925 1177 993 παρθένου
1203 925 1365 993 δέχου
1389 922 1558 978 πόδα·

437 1007 684 1079 φύλασσε
713 1005 764 1063 δ’
795 1005 864 1078 ἤν
887 1031 992 1075 τις,
1020 1008 1152 1078 πρὶν
1175 1013 1478 1079 τελευτηθῇ
1506 1005 1694 1078 φόνος,

437 1089 472 1163 ἢ
496 1092 770 1163 ξύμμαχός
795 1115 875 1156 τις
898 1087 933 1162 ἢ
959 1098 1282 1162 κασίγνητος
1305 1091 1506 1162 πατρὸς

442 1175 625 1233 ε’λθων
651 1180 702 1241 ἐς
727 1186 911 1241 οἴκους
937 1182 1085 1247 φθῇ,
1117 1178 1329 1247 γέγωνέ
1348 1174 1396 1230 τ’
1430 1182 1504 1239 είς
1531 1175 1753 1246 δόμους,
1794 1188 1899 1230 1220

436 1258 470 1333 ἢ
496 1266 694 1317 σανίδα
718 1258 942 1317 παίσασ’
970 1256 1005 1331 ἦ
1033 1261 1232 1331 λόγους
1256 1258 1496 1332 πέμψασ’
1527 1266 1648 1316 ἔσω.

440 1344 593 1418 ἡμεῖς
623 1342 675 1401 δ’
711 1353 814 1402 ἔσω
841 1352 1144 1415 στείχοντες
1169 1348 1256 1401 ἐπὶ
1280 1344 1377 1401 τὸν
1404 1352 1630 1416 ἔσχατον

437 1427 607 1502 ἀγῶν’
643 1428 1024 1501 ὁπλιζώμεσθα
1053 1431 1318 1504 φασγάνῳ
1342 1433 1501 1501 χέρας

440 1515 713 1588 [Πυλάδη·
747 1516 816 1572 σύ
841 1514 943 1586 γὰρ
969 1512 1036 1586 δὴ
1062 1528 1359 1585 συμπονεῖς
1384 1516 1500 1586 ἐμοὶ
1524 1514 1761 1581 πόνους].

441 1594 483 1657 οἶ
515 1606 667 1672 δῶμα
696 1609 870 1656 ναίων
899 1598 1097 1665 νυκτὸς
1125 1597 1395 1671 ὀρφναίας
1424 1600 1618 1669 πάτερ,
1794 1610 1902 1652 1225

442 1694 601 1742 καλεῖ
625 1683 677 1741 σ’
703 1683 954 1756 Ὀρέστης
979 1697 1103 1748 παῖς
1128 1683 1221 1750 σὸς
1246 1688 1543 1756 ἐπίκουρον
1567 1689 1756 1754 μολεῖν

442 1777 577 1843 [τοῖς
602 1775 927 1842 δεομένοισι.
971 1772 1057 1825 διὰ
1088 1773 1147 1824 σὲ
1173 1770 1277 1837 γάρ
1305 1771 1493 1837 πάσχω
1519 1770 1685 1829 τάλας

441 1853 668 1919 ἀδίκως·
695 1856 1030 1924 προδέδομαι
1057 1850 1107 1908 δ’
1143 1851 1249 1908 ὑπὸ
1285 1853 1616 1923 κασιγνήτου
1645 1853 1829 1919 σέθεν,

445 1945 630 1995 δίκαια
659 1939 887 2009 πράξας·
916 1930 983 1993 οὗ
1007 1940 1155 1993 θέλω
1185 1935 1427 2009 δάμαρθ’
1462 1936 1602 1992 ἑλών

447 2038 678 2080 κτεῖναι·
711 2023 779 2079 σὺ
810 2022 862 2079 δ’
887 2021 1022 2093 ,ἡμῖν
1047 2027 1209 2078 τοῦδε
1237 2023 1562 2094 συλλήπτωρ
1587 2015 1906 2092 γενοῦ].1230

257 2117 375 2168 ΗΛ.
446 2102 489 2164 ὦ
516 2107 682 2179 πάτερ
703 2152 716 2178 ,
748 2112 869 2163 ἱκοῦ
895 2104 1035 2178 δῆτ’,
1069 2113 1119 2162 εἰ
1138 2108 1322 2172 κλύεις
1350 2117 1476 2162 εἴσω
1502 2103 1705 2176 χθονὸς

444 2197 653 2250 τέκνων
683 2191 1021 2260 καλούντων,
1053 2198 1108 2246 οἳ
1133 2194 1300 2246 σέθεν
1323 2186 1631 2261 θνήσκουσ’
1662 2186 1820 2259 ὕπερ.

257 2287 374 2335 HT.
445 2271 488 2334 ω
512 2279 806 2349 συγγένεια
831 2275 1034 2346 πατρὸς
1059 2279 1190 2346 ἐμοῦ
1206 2319 1220 2345 ,
1245 2273 1417 2346 κάμὰς
1442 2274 1607 2343 λιτάς,

442 2361 809 2434 Ἀγάμεμνον,
839 2360 1190 2430 εἰσάκουσον,
1219 2366 1461 2415 ἕκσωσον
1485 2361 1666 2414 τέκνα.

264 2455 368 2504 ΟΡ.
446 2455 658 2504 ἔκτεινα
687 2443 873 2518 μητέρ’
892 2489 906 2515 ,
934 2452 1052 2500 HT.
1079 2442 1303 2516 ἡψάμην
1328 2441 1379 2499 δ’
1409 2442 1512 2514 ἐγω
1540 2446 1750 2514 ξίφους.
1801 2454 1910 2497 1235

211 2588 213 2590 ,
260 2540 381 2589 ΗΛ.
453 2531 556 2603 ἐγω
589 2529 642 2588 δ’
678 2534 1070 2586 ἐπενεκέλευσα
1094 2526 1356 2584 κᾶπέλυσ’
1385 2526 1572 2583 ὄκνου.

265 2625 372 2673 ΟΡ.
450 2623 563 2684 σοί,
595 2616 791 2685 πάτερ,
819 2613 1055 2686 ἀρήγων.
1081 2611 1343 2669 ΗΛ.ούδ’
1373 2610 1477 2683 ἐγώ
1509 2609 1808 2683 προύδωκά
1831 2627 1908 2664 σε.

263 2709 380 2757 HT.
455 2702 662 2756 οὔκουν
689 2698 876 2770 ὀνείδη
904 2699 1033 2755 τάδε
1055 2698 1242 2753 κλύων
1270 2698 1423 2766 ῥύσει
1460 2698 1656 2759 τέκνα;

269 2794 374 2842 ΟΡ.
449 2784 709 2855 δακρύοις
740 2786 1094 2840 κατασπένδω
1123 2780 1199 2837 σ’.
1223 2789 1344 2838 ΗΛ.
1363 2780 1467 2853 ἐγω
1494 2777 1546 2837 δ’
1574 2783 1809 2835 οἴκτοισί
1832 2800 1910 2849 γε.

267 2879 383 2926 HT.
455 2869 776 2940 παύσασθε,
804 2871 895 2924 καὶ
925 2866 1059 2941 πρὸς
1086 2874 1246 2940 ἔργον
1277 2865 1645 2936 ἐξορμώμεθα.
1803 2874 1913 2917 1240
