2018 3117
250 98 317 148 24
639 95 1016 142 ΙΦΙΓΕΝΕΙΑ
1044 94 1096 139 Η
1127 94 1224 140 ΕΝ
1258 94 1510 139 ΑΥΛΙΛΙ

442 238 654 302 θάκους
679 233 891 306 ἀπήνης
921 230 992 299 ῶς
1018 228 1087 289 ἂν
1113 236 1316 289 ἐκλίπω
1343 239 1536 299 καλῶς.

450 320 523 388 [αἳ
544 323 589 377 δ’
611 326 685 386 εἰς
710 317 770 376 τὸ
797 317 1047 390 πρόσθεν
1074 325 1232 390 στῆτε
1259 323 1517 374 πωλικῶν
1541 324 1737 391 ζυγῶν,

448 404 695 480 φοβερὸν
719 403 824 477 γὰρ
852 401 1224 476 ἀπαράμυθον
1249 399 1396 473 ὄμμα
1420 403 1690 460 πωλικόν·
1827 418 1909 460 6ῗο

445 494 537 549 καὶ
563 493 732 547 παῖδα
758 488 919 545 τόνδε
946 488 1044 545 τὸν
1063 486 1463 559 Ἀγαμέμνονος
1489 486 1657 559 γόνον

447 572 698 645 λάζυσθ’,
729 572 1013 645 Ὀρέστην·
1042 579 1120 629 ἔτι
1146 572 1248 644 γάρ
1278 575 1389 627 ἐστι
1413 571 1623 644 νήπιος.

446 664 667 731 τέκνον,
696 658 992 724 καθεύδεις
1017 663 1239 733 πωλικῷ
1269 659 1456 727 δαμεὶς
1485 655 1623 732 ὅχςο;

450 742 616 819 ἔγειρ’
650 743 893 817 ἀδελφῆς
920 741 1012 815 ἐφ’
1042 740 1306 815 ὑμέναιον
1333 738 1599 815 εὐτυχῶς·

449 828 652 903 ἀνδρὸς
679 828 781 902 γὰρ
811 826 1029 901 ἀγαθοῦ
1054 833 1219 901 κῆδος
1246 823 1412 894 αὐτὸς
1438 826 1635 893 ἐσθλὸς
1663 824 1741 883 ῶν
1828 842 1907 884 625

447 917 626 989 λήψει,
654 915 712 972 τὸ
740 922 832 986 τῆς
855 919 1116 987 Νηρῇδος
1143 912 1369 969 ἰσόθεον
1394 915 1567 984 γένος.

449 1006 565 1074 ἑξῆς
604 1005 817 1071 κάθησο
850 999 1019 1070 δεῦρό
1045 1022 1151 1070 μου
1177 997 1372 1069 ποδός,
1399 1000 1610 1068 τέκνον,

448 1087 583 1157 πρὸς
607 1083 817 1157 μητέρ’,
840 1082 1157 1159 Ἰφιγένεια,
1185 1090 1461 1155 μακαρίαν
1490 1084 1554 1137 δέ
1575 1106 1640 1154 με

449 1176 656 1240 ξέναισι
681 1175 867 1227 ταῖσδε
893 1176 1094 1241 πλησία
1124 1179 1388 1224 σταθεῖσα
1417 1167 1527 1238 δός,

448 1258 539 1312 καὶ
566 1261 732 1329 δεῦρο
762 1254 828 1327 δὴ
859 1258 1064 1324 πατέρα
1091 1253 1354 1325 πρόσειπε
1376 1251 1476 1308 σὸν
1505 1257 1690 1323 φίλον.
1828 1266 1911 1309 630

259 1352 354 1400 [Φ.
447 1335 490 1398 ῶ
514 1365 710 1412 μητερ,
738 1337 1139 1411 ὑποδραμοῦσα
1165 1335 1218 1391 6'
1226 1383 1239 1409 ,
1268 1335 1537 1410 οργισθῇς
1564 1338 1624 1393 δε
1649 1362 1739 1410 μη,

448 1426 583 1497 πρὸς
611 1428 808 1497 στέρνα
835 1422 1037 1495 πατρὸς
1064 1425 1260 1494 στέρνα
1286 1447 1426 1494 ταμα
1452 1429 1764 1494 περιβαλῶ]

258 1520 372 1569 ΚΛ.
443 1514 483 1568 ῶ
511 1514 672 1583 σέβας
701 1512 818 1583 ἐμοὶ
844 1513 1128 1581 μέγιστον,
1153 1506 1508 1580 Ἀγαμέμνων
1533 1504 1683 1579 αναξ,

448 1595 680 1669 ἥκομεν,
701 1599 956 1668 ἐφετμαις
983 1617 1085 1649 ουκ
1114 1591 1438 1648 απιστοῦσαι
1464 1595 1648 1648 σε’.θεν

255 1691 354 1740 ΙΦ.
447 1680 569 1754 [ἐγω
597 1682 658 1737 δὲ
685 1680 955 1752 βούλομαι
981 1677 1047 1733 τὰ
1074 1677 1141 1732 σὰ
1167 1676 1369 1749 στέρν’,
1399 1669 1442 1733 ῶ
1466 1677 1654 1749 πάτερ,
1829 1692 1911 1735 635

448 1764 845 1837 ὑποδραμοῦσα
870 1770 1204 1835 προσβαλεῖν
1234 1762 1325 1818 δια
1348 1786 1569 1834 χρονου.

449 1856 609 1907 ποθῶ
638 1849 741 1951 γὰρ
770 1874 915 1921 ομμα
943 1847 1008 1921 δὴ
1040 1847 1155 1905 σόν.
1185 1845 1451 1919 ὀργισθῇς
1481 1848 1541 1903 δε
1568 1848 1678 1920 μή.]

255 1945 373 1994 ΚΛ.
443 1934 586 2005 ἀλλ’,
618 1938 659 1990 ῶ
687 1940 898 2004 τέκνον,
924 1952 1054 2005 χρη
1086 1933 1428 2039 φιλοπάτωρ
1433 1930 1486 1988 δ’
1518 1929 1607 1988 αεί
1628 1930 1748 1989 ποτ’
1782 1932 1830 1989 εἷ

447 2020 677 2093 μαλιστα
702 2025 917 2076 παίδων
943 2016 1075 2075 τῶδ’
1105 2036 1267 2084 οσους
1297 2017 1428 2089 ε’γω’
1428 2018 1618 2073 ’τεκον.

255 2115 355 2163 ΙΦ.
448 2099 490 2161 ῶ
519 2104 718 2177 πάτερ,
746 2104 961 2161 ε’σειδόν
988 2103 1039 2161 6'
1070 2101 1275 2175 ασμένη
1303 2103 1711 2187 πολλὰ-,χρόνω
1827 2116 1911 2160 640

254 2198 424 2248 ΑΓΑ.
451 2214 543 2246 και
569 2215 672 2262 γαρ
700 2189 875 2262 πατὴρ
903 2191 987 2245 σέ·
1016 2187 1132 2247 τόδ’
1162 2198 1283 2245 ἴσον
1310 2212 1447 2262 υπερ
1475 2185 1684 2261 αμφοῖν
1718 2189 1910 2288 λέγεις.

253 2284 354 2334 ΙΦ.
443 2274 621 2348 χαῖρ’·
651 2277 714 2331 εὐ
744 2278 808 2331 δέ
827 2272 884 2346 μ’
916 2272 1140 2347 αγαγῶν
1166 2272 1302 2345 πρὸς
1329 2270 1380 2329 σ’
1411 2277 1696 2345 ἐποίησας,
1723 2296 1909 2346 πατερ.

256 2368 426 2418 ΑΓΑ.
453 2357 555 2416 οὐκ
582 2358 689 2416 οἷδ’
719 2358 867 2426 ὅπως
895 2367 983 2432 φῶ
1009 2366 1170 2416 τοῦτο
1199 2360 1289 2414 καὶ
1315 2356 1386 2430 μὴ
1415 2363 1530 2430 φῶ,
1556 2361 1767 2414 τέκνον.

253 2455 353 2503 ΙΦ.
445 2452 504 2502 ἔα
522 2465 532 2475 ·

448 2527 518 2596 ῶς
543 2528 610 2586 οὐ
637 2532 853 2601 βλέπεις
883 2534 1107 2603 εκηλον,
1136 2527 1370 2600 ασμενός
1393 2525 1452 2600 μ’
1485 2534 1636 2583 ι’δων.

254 2622 422 2672 ΑΓΑ.
449 2612 606 2672 πόλλ’
637 2613 800 2685 ἆνδρι
825 2622 1043 2686 βασιλεῖ
1062 2618 1154 2671 καὶ
1181 2612 1517 2686 στρατηλατῃ
1551 2614 1718 2685 μέλει.
1828 2625 1911 2669 645

180 2698 227 2758 λ
253 2708 354 2757 ΙΦ.
445 2696 576 2771 παρ’
606 2701 723 2771 ἐμοὶ
749 2706 1080 2770 γενοῦνῦν,
1098 2725 1255 2772 μη,
1201 2697 1283 2754 ’πι
1307 2699 1859 2770 gpQvagc'ffocg—tfflov.

254 2792 423 2842 ΑΓΛ.
450 2781 572 2841 ἀλλ’
603 2785 712 2856 είμὶ
739 2783 885 2857 παρὰ
913 2787 999 2839 σοὶ
1024 2791 1131 2840 νῦν
1157 2781 1296 2847 ἅπας
1314 2780 1452 2839 κούκ
1478 2780 1696 2838 ἄλλοθι.

255 2879 352 2927 ΙΦ.
442 2873 608 2943 μέθες
633 2894 740 2926 νυν
765 2866 952 2941 ὀφρὺν
978 2866 1121 2940 ὄμμα
1149 2865 1197 2925 τ’
1229 2874 1473 2924 ἔκτεινον
1501 2873 1685 2940 φίλον.

1264 2933 1404 2950 ἢ,
