2018 3117
147 2339 258 2388 ΑΘ.

148 2591 264 2640 ΠΟ.

147 2761 261 2808 ΑΘ.

803 88 1154 135 ΤΡΩΙΑΔΕΣ
1679 86 1779 138 347

324 229 429 298 ἐγὼ
461 228 550 298 δέ,
575 233 812 298 νικῶμαι
834 226 937 300 γὰρ
959 224 1206 299 Ἀργείας
1229 232 1365 291 θεᾶς

311 307 482 382 ’Ἠρας
506 308 744 376 Ἀθάνας
767 308 840 382 θ’,
866 318 927 367 αἳ
951 314 1265 378 συνεξεῖλον
1291 310 1531 384 Φρύγας,

323 400 493 450 λείπω
523 394 582 451 τὸ
609 393 1006 451 κλεινὸνἼλιον
1029 395 1250 467 βωμούς
1276 393 1326 451 τ’
1355 395 1540 466 ἐμούς·
1727 409 1782 450 25

323 480 518 551 ἐρημία
540 478 644 551 γὰρ
670 479 831 535 πόλιν
855 477 987 534 ὅταν
1009 479 1150 551 λάβῃ
1177 479 1334 550 κακή,

327 576 481 619 νοσεῖ
502 562 567 618 τὰ
591 569 702 619 τῶν
724 568 877 618 θεῶν
899 560 1031 618 οὐδὲ
1053 569 1316 634 τιμᾶσθαι
1340 564 1512 619 θέλει-

324 655 544 712 πολλοῖς
569 647 630 703 δὲ
651 660 981 702 κωκυτοῖσιν
1008 652 1422 718 αἰχμαλωτίδων

330 738 433 806 βοᾷ
455 731 821 802 Σκάμανδρος
845 731 1111 796 δεσπότας
1135 734 1546 803 κληρουμένων.

324 819 417 871 καὶ
441 815 536 881 τὰς
558 816 658 886 μὲν
685 812 905 886 Ἀρκάς,
935 814 1029 880 τὰς
1054 816 1115 871 δὲ
1139 815 1414 881 Θεσσαλὸς
1437 814 1574 880 λεώς
1728 829 1783 872 30

329 898 496 971 εἴληχ’
521 898 835 971 Ἀθηναίων
859 923 916 955 τε
945 904 1206 970 Θησεῖδαι
1229 900 1445 973 πρόμοι.

326 982 449 1040 ὅσαι
475 981 528 1040 δ’
562 982 790 1056 ἄκληροι
820 984 1127 1058 Τρῳάδων,
1155 982 1265 1041 ὑπὸ
1292 986 1506 1055 στέγαις

323 1066 501 1125 ταῖσδ’
533 1070 638 1125 εἰσὶ
659 1081 772 1133 τοῖς
797 1069 1095 1141 πρώτοισιν
1119 1070 1443 1142 ἐξῃρημέναι

328 1159 564 1225 στρατοῦ
583 1196 597 1224 ,
629 1152 736 1208 σὺν
759 1150 949 1218 αὐταῖς
973 1158 1006 1208 δ
1014 1150 1026 1171 ’
1056 1150 1089 1224 ἡ
1112 1154 1362 1209 Λάκαινα
1394 1153 1669 1224 Τυνδαρὶς

319 1235 505 1308 Ἑλένη
520 1281 534 1309 ,
558 1235 868 1308 νομισθεῖσ’
899 1238 1232 1308 αἰχμάλωτος
1256 1241 1501 1302 ἐνδίκως.
1730 1248 1783 1292 35

325 1322 425 1392 τὴν
450 1320 503 1377 δ’
538 1319 742 1377 ἀθλίαν
765 1320 920 1394 τήνδ’
949 1331 1004 1377 εἴ
1024 1346 1103 1387 τις
1129 1328 1351 1394 εἰσορᾶν
1373 1324 1545 1392 θέλει,

328 1406 590 1479 πάρεστιν
620 1409 828 1477 Εκάβη
855 1409 1117 1476 κειμένη
1103 1412 1297 1460 πυλων
1322 1409 1495 1473 πάρος

330 1491 545 1563 δάκρυα
594 1495 794 1559 χέουσα
835 1489 1010 1546 πολλὰ
1034 1492 1127 1546 καὶ
1150 1496 1371 1546 πολλῶν
1393 1487 1565 1561 ὕπερ·

328 1576 362 1647 ᾑ
394 1588 518 1640 παῖς
544 1598 646 1646 μεν
669 1573 810 1647 ἀμφὶ
836 1573 1003 1646 μνῆμ’
1030 1573 1333 1646 Ἀχιλλείου
1357 1574 1536 1645 τάφου

325 1663 517 1731 οἰκτρα
541 1664 776 1731 τέθνηκε
799 1665 1080 1732 τλημόνως
1101 1661 1400 1730 Πολυξένη,
1731 1670 1784 1713 40

330 1748 578 1816 φροῦδος
602 1744 663 1800 δὲ
687 1751 938 1817 Πρίαμος
959 1747 1054 1800 καὶ
1076 1742 1223 1800 τέκν’
1249 1763 1260 1773 ·
1293 1740 1363 1814 ἣν
1388 1743 1448 1798 δὲ
1473 1742 1760 1813 παρθένον

329 1825 527 1898 μεθῆκ’
559 1825 840 1885 Ἀπόλλων
865 1829 1114 1902 δρομάδα
1136 1828 1473 1900 Κασάνδραν
1498 1824 1648 1897 ἄναξ,

329 1911 389 1967 τὸ
414 1918 512 1967 τοῦ
536 1919 678 1968 θεοῦ
702 1936 760 1969 τε
785 1913 1113 1987 παραλιπών
1137 1913 1198 1969 τό
1226 1910 1275 1968 τ’
1306 1910 1528 1983 εὐσεβές

329 2009 495 2068 γαμεῖ
513 2002 705 2067 βιαίως
727 1998 947 2054 σκότιον
966 1996 1321 2070 Ἀγαμέμνων
1345 1998 1514 2067 λέχος.

331 2077 451 2136 ἀλλ’
482 2103 523 2136 ω
550 2079 672 2138 ποτ’
703 2080 1036 2154 εὐτυχοῦσα,
1061 2084 1219 2155 χαῖρέ
1239 2105 1360 2153 μοι,
1386 2080 1542 2146 πόλις
1733 2092 1788 2134 45

329 2164 518 2231 ξεστόν
541 2188 598 2221 τε
621 2165 908 2238 πύργωμ’·
941 2175 996 2223 εἴ
1011 2184 1072 2223 σε
1096 2165 1168 2239 μὴ
1194 2166 1422 2223 διώλεσε

328 2248 550 2314 Παλλὰς
572 2248 711 2315 Διὸς
735 2264 888 2322 παῖς,
915 2244 1049 2323 ἦσθ’
1079 2248 1147 2307 ἂν
1173 2255 1232 2307 ἐν
1257 2251 1492 2322 βάθροις
1516 2254 1609 2304 ἔτι.

329 2336 499 2400 ἔξεστι
525 2333 623 2391 τὸν
650 2337 799 2406 γένει
823 2336 925 2407 μὲν
949 2334 1206 2407 ἄγχιστον
1231 2332 1434 2406 πατρὸς

331 2419 503 2488 μέγαν
527 2418 586 2474 δὲ
607 2418 826 2490 δαίμον’
855 2424 914 2476 έν
938 2430 1092 2484 θεοῖς
1115 2442 1174 2475 τε
1197 2424 1380 2490 τίμιον

331 2501 576 2558 λύσασαν
599 2509 807 2576 ἔχθραν
833 2503 934 2575 τὴν
957 2503 1128 2576 πάρος
1150 2503 1577 2575 προσεννέπειν;
1736 2516 1791 2556 50

335 2588 565 2652 ἔξεστιν·
594 2592 654 2643 αί
671 2586 776 2660 γὰρ
801 2600 1088 2660 συγγενεῖς
1112 2584 1337 2659 ὁμιλίαι,

333 2667 525 2725 ἅνασσ’
558 2669 794 2742 Ἀθάνα,
823 2678 1058 2745 φίλτρον
1081 2669 1148 2727 οὐ
1176 2670 1410 2744 σμικρὸν
1438 2675 1676 2744 φρενῶνὅ

330 2752 549 2826 ἐπῄνεσ’
580 2752 744 2828 ὀργὰς
767 2754 990 2828 ἠπίους·
1019 2757 1170 2829 φέρω
1202 2756 1262 2812 δὲ
1288 2758 1376 2812 σοὶ

335 2837 557 2903 κοινοὺς
583 2841 788 2914 ἐμαυτῇ
811 2839 859 2896 τ’
892 2846 967 2906 εἰς
989 2842 1159 2913 μέσον
1182 2840 1408 2913 λόγους,
1436 2837 1588 2906 ἅναξ.
