2018 3117
768 95 1146 143 ΦΟΙΝΙΣΣΑΙ
1661 90 1762 141 425

308 260 404 292 τον
441 236 635 306 νάπος,
668 233 980 307 Ἀρτέμιδος
1007 233 1369 306 χιονοτρόφον
1392 230 1535 304 ὄμμα
1558 240 1763 289 Κνθαι-

874 342 1006 392 ρων)

307 404 511 475 μήποτε
543 401 641 459 τὸν
679 404 903 478 θανάτῳ
937 403 1303 474 προτεθέντα,
1341 398 1564 473 λόχευμ’
1595 398 1756 458 Ἰοκά-

870 505 1013 557 στας,

309 568 517 643 ὤφελες
544 570 851 626 Οἰδιπόδαν
873 572 1080 641 θρέψαι
1103 572 1308 641 βρέφος
1324 575 1554 641 ἔκβολον
1578 578 1762 640 οἴκων,

308 657 659 727 χρυσοδέτοις
682 654 942 727 περόναις
965 657 1231 725 ἐπίσαμον
1246 672 1256 682 ·
1679 666 1764 709 805

305 739 443 810 μηδὲ
463 739 522 795 τὸ
549 741 855 811 παρθένιον
882 738 1111 810 πτερόν,
1139 736 1361 809 οὔρειον
1385 740 1558 809 τέρας,
1578 741 1764 794 ἐλθεῖν

309 825 519 879 πένθεα
543 830 716 895 γαίας,

304 909 530 977 Σφίγγ’,
559 909 1053 976 άπομουσοτάταισι
1080 911 1186 963 σύν
1214 909 1400 980 ᾠδαῖς,

304 987 338 1046 ἅ
363 1013 493 1047 ποτε
519 995 849 1062 Καδμογενῆ
874 989 1231 1063 τετραβάμοσι
1259 997 1446 1060 χαλαῖς

307 1081 506 1146 τείχεσι
548 1076 920 1147 χριμπτομένα
967 1076 1137 1146 φέρεν
1184 1076 1407 1147 αἰθέρος
1455 1078 1530 1139 εἰς
1564 1071 1763 1145 ἄβατον

875 1164 992 1230 φῶς

305 1246 535 1316 γένναν,
563 1241 631 1299 ἂν
656 1241 684 1299 ὁ
710 1242 846 1298 κατὰ
871 1242 1074 1313 χθονὸς
1093 1240 1280 1307 ’Ἅιδας
1681 1257 1764 1299 810

307 1333 604 1399 Καδμείοις
630 1330 942 1398 ἐπιπέμπει·
973 1332 1294 1398 δυσδαίμων
1318 1323 1371 1381 δ’
1403 1332 1513 1399 ἔρις
1538 1324 1672 1381 ἄλλα

306 1412 503 1468 θάλλει
528 1418 744 1468 παίδων

310 1497 582 1553 Οἰδιπόδα
611 1494 746 1552 κατὰ
773 1496 995 1567 δώματα
1018 1497 1110 1551 καὶ
1135 1496 1314 1552 πόλιν.

306 1578 372 1636 οὐ
399 1580 502 1652 γὰρ
524 1579 554 1636 ὃ
578 1581 649 1652 μὴ
676 1580 848 1636 καλὸν
874 1577 1066 1636 οὔποτ’
1102 1586 1209 1652 ἔφυ
1244 1579 1431 1649 καλόν,

304 1663 428 1720 οὐδ’
456 1671 510 1721 οἱ
529 1664 601 1737 μὴ
626 1666 848 1736 νόμιμοι
1618 1671 1619 1674 ’
1683 1677 1764 1721 815

302 1754 494 1816 παῖδες
519 1752 681 1822 ματρὶ
705 1749 971 1820 λόχευμα,
1002 1755 1208 1819 μίασμα
1233 1749 1459 1821 πατρός·

304 1834 337 1904 ἢ
366 1834 427 1889 δὲ
452 1840 782 1905 συναίμονος
809 1839 884 1897 είς
908 1836 1060 1903 λέχος
1083 1825 1277 1904 ἦλθεν.

307 1923 514 1990 ἔτεκες,
549 1912 593 1974 οἷ
618 1924 716 1989 γᾶ,
744 1920 919 1982 ἔτεκές
945 1939 1090 1987 ποτε,

306 2002 591 2075 βάρβαρον
617 2000 689 2068 ὡς
714 2000 886 2058 ἀκοὰν
911 2001 1080 2073 ἐδάην
1105 2001 1273 2072 ἐδάην
1303 1998 1423 2056 ποτ’
1456 2003 1515 2055 ἐν
1549 2008 1736 2070 οἴκοις,

307 2110 406 2141 ταν
422 2084 527 2142 άπὸ
547 2087 909 2159 θηροτρόφου
936 2086 1358 2157 φοινικολόφοιο
1374 2084 1671 2157 δράκοντος
1684 2098 1766 2140 8ῗο

307 2173 512 2241 γένναν
542 2169 888 2242 ὀδοντοφυῆ,
917 2170 1125 2241 Θήβαις
1151 2170 1443 2225 κάλλιστον
1468 2165 1708 2232 όνειδος·

301 2252 589 2328 Αρμονίας
615 2257 681 2311 δέ
706 2253 827 2310 ποτ’
859 2260 933 2320 εἰς
958 2252 1258 2325 υμεναίους

306 2336 526 2410 ηλυθον
558 2338 880 2411 οὐρανίδαι,
912 2339 1186 2410 φόρμιγγι
1206 2361 1264 2393 τε
1288 2343 1465 2408 τείχεα
1492 2343 1674 2407 Θηβας

306 2430 401 2489 τᾶς
417 2422 736 2497 Ἀμφιονίας
759 2447 816 2479 τε
840 2423 1010 2495 λύρας
1033 2421 1143 2478 ὕπο
1168 2422 1378 2494 πύργος
1402 2418 1603 2477 ἀνέστα

308 2509 559 2580 διδύμων
583 2515 843 2578 ποταμῶν
868 2507 1043 2578 πόρον
1069 2504 1211 2577 ἀμφὶ
1233 2507 1402 2577 μέσον
1686 2518 1765 2560 825

304 2598 543 2665 Δίρκας,
573 2592 981 2664 χλοεροτρόφον
1005 2588 1039 2645 δι’
1064 2595 1258 2646 πεδίον

309 2676 528 2749 πρόπαρ
556 2675 808 2748 Ἰσμηνοῦ
833 2676 1146 2731 καταδεύει·

305 2757 390 2816 'Itu'
412 2758 474 2816 θ’
502 2759 534 2816 ἁ
558 2761 824 2833 κερόεσσα
846 2760 1140 2833 προμάτωρ

308 2849 604 2917 Καδμείων
627 2851 889 2916 βασιλῆας
913 2848 1174 2917 ἐγείνατο,
