2018 3117
192 85 293 136 366

194 234 318 285 AN.

194 403 309 453 EK.

193 573 319 622 AN.

193 742 309 793 EK.

195 913 320 964 AN.

195 1168 310 1218 EK.

193 1339 319 1389 AN.

192 1508 309 1558 ΕΚ.

192 1679 318 1729 AN.

192 1849 308 1899 EK.

194 2020 319 2069 AN.

193 2189 310 2239 EK.

191 2361 319 2410 AN.

831 86 1183 133 ΤΡΩΙΑΔΕΣ

385 219 429 282 ῶ
453 232 621 298 μῆτερ
648 222 876 296 ἀνδρός,
904 221 965 289 ὅς
988 222 1109 280 ποτ’
1136 222 1402 298 Ἀργείων
1426 229 1551 300 δορὶ

386 317 676 374 πλείστους
701 306 949 380 διῶλεσ’,
971 305 1256 382 Ἕκτορος,
1282 308 1404 366 τάδ’
1434 317 1680 387 εἰσορᾷς;

383 392 495 467 ὁρῶ
519 393 585 450 τὰ
614 399 726 450 τῶν
747 400 931 465 θεῶν,
962 392 1033 460 ῶς
1056 392 1121 449 τὰ
1144 394 1246 466 μὲν
1269 394 1543 466 πυργοῦσ’
1573 394 1687 453 ἅνω

384 478 450 536 τὰ
473 479 647 552 μηδὲν
671 476 830 550 ὄντα,
859 477 924 534 τὰ
951 479 1012 535 δὲ
1036 477 1296 535 δοκοῦντ’
1325 477 1632 537 ἀπώλεσαν.

390 562 643 636 ἀγόμεθα
672 570 793 620 λεία
817 563 924 620 σὺν
947 566 1147 639 τέκνῳ,
1175 562 1235 620 τό
1262 562 1314 620 δ’
1345 562 1567 636 εὐγενὲς

391 655 466 715 είς
492 654 697 706 δοῦλον
727 646 878 721 ἥκει,
906 648 1211 721 μεταβολὰς
1235 647 1448 706 τοιάσδ’
1479 656 1621 721 ἔχον.

383 733 442 791 τὸ
469 741 563 806 τῆς
591 732 833 806 ἀνάγκης
857 735 1070 790 δεινόν·
1105 731 1228 806 ἄρτι
1253 732 1384 790 κάπ’
1415 737 1549 807 ἐμοῦ

386 817 577 893 βέβηκ’
612 817 1033 876 ἀποσπασθεῖσα
1057 819 1361 890 Κασάνδρα
1385 826 1497 895 βίᾳ.

391 911 500 977 φεῦ
528 912 664 978 φεῦ·

387 988 550 1057 ἄλλος
574 1014 654 1056 τις
677 999 844 1061 Αἰάς,
875 987 946 1056 ῶς
971 996 1138 1061 ἔοικε,
1167 990 1426 1061 δεύτερος

386 1074 582 1142 παιδὸς
604 1077 818 1147 πέφηνε
843 1081 965 1146 σῆς·
992 1089 1172 1140 νοσεῖς
1199 1075 1259 1131 δὲ
1282 1072 1498 1147 χᾶτερα.

382 1153 461 1217 ῶν
488 1158 540 1233 γ’
574 1157 702 1217 οὔτε
727 1162 927 1232 μέτρον
953 1157 1069 1215 οὔτ’
1101 1158 1338 1233 ἀριθμὸς
1363 1164 1476 1215 ἔστι
1499 1184 1590 1232 μοι
1607 1179 1617 1189 ·

385 1251 536 1321 κακῷ
563 1244 737 1302 κακὸν
762 1243 866 1317 γὰρ
897 1251 972 1310 εἰς
997 1242 1233 1316 ἅμιλλαν
1259 1252 1487 1317 ἔρχεται.

388 1333 627 1403 τέθνηκέ
653 1349 738 1386 σοι
764 1343 890 1396 παῖς
916 1329 1052 1403 πρὸς
1081 1330 1237 1406 τάφῳ
1261 1332 1549 1402 Πολυξένη

390 1413 649 1488 σφαγεῖσ’
673 1413 984 1487 Ἀχιλλέως,
1014 1421 1196 1489 δῶρον
1224 1413 1418 1490 ἀψύχῳ
1444 1420 1642 1491 νεκρῷ.

386 1499 556 1573 οῖ’γῶ
585 1501 829 1557 τάλαινα.
856 1498 1005 1557 τοῦτ’
1034 1500 1213 1557 ἐκεῖνό
1237 1525 1329 1573 μοι
1354 1501 1521 1557 πάλαι

393 1586 709 1659 Ταλθύβιος
733 1583 943 1658 αἴνιγμ’
975 1584 1042 1642 οὐ
1068 1593 1258 1658 σαφῶς
1283 1586 1435 1642 εἶπεν
1465 1587 1651 1657 σαφές.

390 1671 541 1728 εἶδόν
565 1695 657 1728 νιν
682 1668 820 1743 αὐτὴ
846 1669 1134 1743 κάποβᾶσα
1158 1669 1324 1727 τῶνδ’
1353 1669 1498 1742 ὄχων

388 1763 605 1829 ἔκρυψα
628 1758 856 1823 πέπλοις
879 1759 1348 1828 κάπεκλαυσάμην
1371 1761 1592 1827 νεκρόν.

384 1848 504 1898 αἰαῖ
511 1886 525 1914 ,
553 1845 776 1913 τέκνου,
804 1848 919 1898 σῶν
948 1838 1187 1898 ἀνοσίων
1213 1839 1684 1914 προσφαγμάτων·

384 1933 503 1984 αἰαῖ
520 1926 648 2000 μάλ’
678 1919 872 1999 αὖθις,
901 1924 973 1992 ῶς
997 1934 1178 1992 κακῶς
1203 1927 1507 1984 διόλλυσαι.

392 2009 605 2069 ὄλωλεν
631 2010 703 2078 ῶς
729 2010 967 2083 ὄλωλεν,
995 2010 1117 2068 ἀλλ’
1147 2009 1292 2084 όμως
1317 2016 1450 2084 ἐμοῦ

387 2097 558 2170 ζῶσης
583 2094 637 2169 γ’
667 2094 878 2154 ὄλωλεν
905 2095 1277 2173 ευτυχεστέρω
1304 2098 1509 2171 πότμω.

384 2206 451 2239 ου
475 2180 706 2252 ταυτόν,
735 2175 779 2238 ῶ
803 2195 927 2253 παῖ,
955 2188 1030 2237 τῶ
1055 2185 1281 2254 βλέπειν
1305 2181 1365 2238 τὸ
1390 2189 1720 2238 κατθανεῖν

385 2266 445 2324 τὸ
471 2292 572 2340 μεν
597 2266 701 2368 γὰρ
725 2264 921 2338 οὐδέν,
948 2271 1022 2322 τῶ
1048 2264 1100 2322 δ’
1131 2273 1337 2323 ε’νεισιν
1361 2270 1594 2331 ἐλπίδες.

384 2345 428 2408 ῶ
452 2359 620 2427 μῆτερ
648 2353 689 2408 ῶ
715 2357 977 2423 τεκοῦσα,
1002 2351 1295 2408 κάλλιστον
1320 2350 1488 2423 λόγον

387 2435 653 2509 άκουσον
685 2460 758 2502 ως
781 2455 866 2493 σοι
891 2439 1085 2510 τέρψιν
1112 2437 1326 2509 ἐμβάλω
1354 2443 1535 2508 φρενί.

387 2521 446 2580 τό
472 2522 542 2595 μὴ
570 2525 834 2595 γενέσθαι
858 2529 933 2598 τῷ
959 2531 1159 2579 θανεῖν
1183 2531 1303 2579 ἴσον
1330 2524 1489 2593 λέγω,

387 2613 485 2664 τοῦ
516 2614 612 2680 ζῆν
637 2608 698 2664 δὲ
721 2614 945 2679 λυπρῶς
969 2607 1225 2680 κρεῖσσόν
1249 2612 1361 2663 ε’στι
1386 2616 1704 2663 κατθανεῖν.

388 2689 548 2764 ἆλγεῖ
568 2691 671 2765 γὰρ
697 2690 866 2749 οὐδὲν
891 2699 1002 2748 τῶν
1030 2698 1217 2749 κακῶν
1241 2688 1577 2765 ᾐσθημένος·

387 2774 415 2835 ὁ
443 2775 495 2832 δ’
526 2775 826 2849 εὐτυχήσας
852 2783 927 2843 εἰς
951 2774 1012 2835 τὸ
1042 2777 1306 2848 δυστυχὲς
1334 2774 1519 2832 πεσῶν

388 2861 574 2935 ψυχὴν
599 2860 791 2918 ἀλᾶται
816 2868 909 2934 τῆς
936 2859 1165 2936 πάροιθ’
1196 2859 1506 2935 εὐπραξίας.

1776 242 1862 287 610

1773 664 1861 711 615

1777 1175 1861 1219 620

1773 1598 1858 1642 625
