<?xml version="1.0" encoding="UTF-8"?>
<!DOCTYPE html PUBLIC "-//W3C//DTD XHTML 1.0 Transitional//EN"
    "http://www.w3.org/TR/xhtml1/DTD/xhtml1-transitional.dtd">
<html xmlns="http://www.w3.org/1999/xhtml" xml:lang="en" lang="en">
 <head>
  <title>
</title>
<meta http-equiv="Content-Type" content="text/html;charset=utf-8" />
  <meta name='ocr-system' content='tesseract 3.04.00' />
  <meta name='ocr-capabilities' content='ocr_page ocr_carea ocr_par ocr_line ocrx_word'/>
</head>
<body>
  <div class='ocr_page' id='page_1' title='image "./euripidistragoe02euriuoft_0207.png"; bbox 0 0 2018 3117; ppageno 0'>
   <div class='ocr_carea' id='block_1_1' title="bbox 881 110 1748 162">
    <p class='ocr_par' dir='ltr' id='par_1_1' title="bbox 881 110 1748 162">
     <span class='ocr_line' id='line_1_1' title="bbox 881 110 1748 162; baseline 0.001 -2"><span class='ocrx_word' id='word_1_1' title='bbox 881 115 1010 161; x_wconf 77' lang='grc' dir='ltr'><em>ΙῼΝ</em></span> <span class='ocrx_word' id='word_1_2' title='bbox 1654 110 1748 162; x_wconf 83' lang='grc'><em>157</em></span> 
     </span>
    </p>
   </div>
   <div class='ocr_carea' id='block_1_2' title="bbox 107 245 1765 2860">
    <p class='ocr_par' dir='ltr' id='par_1_2' title="bbox 107 245 1765 2860">
     <span class='ocr_line' id='line_1_2' title="bbox 294 245 1450 327; baseline -0.006 -15"><span class='ocrx_word' id='word_1_3' title='bbox 294 264 514 327; x_wconf 81' lang='grc' dir='ltr'><em>ἔχοντας</em></span> <span class='ocrx_word' id='word_1_4' title='bbox 537 252 699 325; x_wconf 80' lang='grc' dir='ltr'><em>ἡμᾶς,</em></span> <span class='ocrx_word' id='word_1_5' title='bbox 732 250 858 309; x_wconf 78' lang='grc' dir='ltr'><em>οὐδ’</em></span> <span class='ocrx_word' id='word_1_6' title='bbox 888 249 961 308; x_wconf 78' lang='grc' dir='ltr'><em>ἵν’</em></span> <span class='ocrx_word' id='word_1_7' title='bbox 989 245 1059 323; x_wconf 79' lang='grc' dir='ltr'><em>ἦν</em></span> <span class='ocrx_word' id='word_1_8' title='bbox 1084 253 1450 322; x_wconf 76' lang='grc' dir='ltr'><em>κεκρυμμένα.</em></span> 
     </span>
     <span class='ocr_line' id='line_1_3' title="bbox 293 333 1626 411; baseline -0.005 -15"><span class='ocrx_word' id='word_1_9' title='bbox 293 342 384 396; x_wconf 85' lang='grc' dir='ltr'><em>καὶ</em></span> <span class='ocrx_word' id='word_1_10' title='bbox 407 337 551 411; x_wconf 82' lang='grc' dir='ltr'><em>χαῖρ’</em></span> <span class='ocrx_word' id='word_1_11' title='bbox 570 358 580 367; x_wconf 93' lang='grc'><em>“</em></span> <span class='ocrx_word' id='word_1_12' title='bbox 609 347 731 394; x_wconf 74' lang='grc' dir='ltr'><em>ἴσον</em></span> <span class='ocrx_word' id='word_1_13' title='bbox 754 337 855 409; x_wconf 79' lang='grc' dir='ltr'><em>γάρ</em></span> <span class='ocrx_word' id='word_1_14' title='bbox 881 334 932 391; x_wconf 88' lang='grc' dir='ltr'><em>σ’</em></span> <span class='ocrx_word' id='word_1_15' title='bbox 961 333 1033 400; x_wconf 75' lang='grc' dir='ltr'><em>ὡς</em></span> <span class='ocrx_word' id='word_1_16' title='bbox 1057 334 1274 391; x_wconf 83' lang='grc' dir='ltr'><em>τεκοῦσ’</em></span> <span class='ocrx_word' id='word_1_17' title='bbox 1308 333 1626 406; x_wconf 78' lang='grc' dir='ltr'><em>ἀσπάζομαι.</em></span> 
     </span>
     <span class='ocr_line' id='line_1_4' title="bbox 289 420 1492 499; baseline -0.002 -21"><span class='ocrx_word' id='word_1_18' title='bbox 289 423 466 499; x_wconf 73' lang='grc' dir='ltr'><em>[ἄρξαι</em></span> <span class='ocrx_word' id='word_1_19' title='bbox 490 421 538 482; x_wconf 73' lang='grc' dir='ltr'><em>ῥ’</em></span> <span class='ocrx_word' id='word_1_20' title='bbox 559 420 696 478; x_wconf 78' lang='grc' dir='ltr'><em>ὅθεν</em></span> <span class='ocrx_word' id='word_1_21' title='bbox 720 421 823 492; x_wconf 86' lang='grc' dir='ltr'><em>σὴν</em></span> <span class='ocrx_word' id='word_1_22' title='bbox 846 422 1050 491; x_wconf 87' lang='grc' dir='ltr'><em>μητέρα</em></span> <span class='ocrx_word' id='word_1_23' title='bbox 1079 427 1256 491; x_wconf 82' lang='grc' dir='ltr'><em>ζητεῖν</em></span> <span class='ocrx_word' id='word_1_24' title='bbox 1281 438 1342 475; x_wconf 92' lang='grc' dir='ltr'><em>σε</em></span> <span class='ocrx_word' id='word_1_25' title='bbox 1364 420 1492 492; x_wconf 87' lang='grc' dir='ltr'><em>χρή·</em></span> 
     </span>
     <span class='ocr_line' id='line_1_5' title="bbox 292 503 1754 580; baseline -0.004 -16"><span class='ocrx_word' id='word_1_26' title='bbox 292 515 510 580; x_wconf 80' lang='grc' dir='ltr'><em>πρῶτον</em></span> <span class='ocrx_word' id='word_1_27' title='bbox 539 507 639 578; x_wconf 78' lang='grc' dir='ltr'><em>μὲν</em></span> <span class='ocrx_word' id='word_1_28' title='bbox 671 515 724 562; x_wconf 76' lang='grc' dir='ltr'><em>εἴ</em></span> <span class='ocrx_word' id='word_1_29' title='bbox 746 529 822 569; x_wconf 87' lang='grc' dir='ltr'><em>τις</em></span> <span class='ocrx_word' id='word_1_30' title='bbox 847 509 1149 575; x_wconf 79' lang='grc' dir='ltr'><em>Δελφίδων</em></span> <span class='ocrx_word' id='word_1_31' title='bbox 1174 503 1408 559; x_wconf 86' lang='grc' dir='ltr'><em>τεκοῦσά</em></span> <span class='ocrx_word' id='word_1_32' title='bbox 1434 522 1494 559; x_wconf 88' lang='grc' dir='ltr'><em>σε</em></span> <span class='ocrx_word' id='word_1_33' title='bbox 1647 517 1754 559; x_wconf 75' lang='lat'>1365</span> 
     </span>
     <span class='ocr_line' id='line_1_6' title="bbox 298 588 1360 659; baseline -0.006 -11"><span class='ocrx_word' id='word_1_34' title='bbox 298 599 372 657; x_wconf 83' lang='grc' dir='ltr'><em>εἰς</em></span> <span class='ocrx_word' id='word_1_35' title='bbox 398 592 597 648; x_wconf 87' lang='grc' dir='ltr'><em>τούσδε</em></span> <span class='ocrx_word' id='word_1_36' title='bbox 619 588 788 654; x_wconf 79' lang='grc' dir='ltr'><em>ναοὺς</em></span> <span class='ocrx_word' id='word_1_37' title='bbox 815 591 1040 659; x_wconf 79' lang='grc' dir='ltr'><em>ἐξέθηκε</em></span> <span class='ocrx_word' id='word_1_38' title='bbox 1065 590 1360 659; x_wconf 74' lang='grc' dir='ltr'><em>παρθένος,</em></span> 
     </span>
     <span class='ocr_line' id='line_1_7' title="bbox 298 669 1492 744; baseline -0.005 -12"><span class='ocrx_word' id='word_1_39' title='bbox 298 684 481 733; x_wconf 82' lang='grc' dir='ltr'><em>ἔπειτα</em></span> <span class='ocrx_word' id='word_1_40' title='bbox 513 673 564 731; x_wconf 83' lang='grc' dir='ltr'><em>δ’</em></span> <span class='ocrx_word' id='word_1_41' title='bbox 597 684 748 739; x_wconf 80' lang='grc' dir='ltr'><em>εἴτις</em></span> <span class='ocrx_word' id='word_1_42' title='bbox 768 671 976 737; x_wconf 86' lang='grc' dir='ltr'><em>Ἑλλάς·</em></span> <span class='ocrx_word' id='word_1_43' title='bbox 1015 676 1066 739; x_wconf 81' lang='grc' dir='ltr'><em>ἐξ</em></span> <span class='ocrx_word' id='word_1_44' title='bbox 1092 670 1247 744; x_wconf 77' lang='grc' dir='ltr'><em>ἡμῶν</em></span> <span class='ocrx_word' id='word_1_45' title='bbox 1276 669 1327 726; x_wconf 86' lang='grc' dir='ltr'><em>δ’</em></span> <span class='ocrx_word' id='word_1_46' title='bbox 1356 678 1492 742; x_wconf 76' lang='grc' dir='ltr'><em>ἔχεις</em></span> 
     </span>
     <span class='ocr_line' id='line_1_8' title="bbox 294 754 1676 856; baseline -0.006 -39"><span class='ocrx_word' id='word_1_47' title='bbox 294 760 506 816; x_wconf 76' lang='grc' dir='ltr'><em>ἅπαντα</em></span> <span class='ocrx_word' id='word_1_48' title='bbox 530 766 742 830; x_wconf 81' lang='grc' dir='ltr'><em>Φοίβου</em></span> <span class='ocrx_word' id='word_1_49' title='bbox 766 755 847 827; x_wconf 78' lang='grc' dir='ltr'><em>θ’,</em></span> <span class='ocrx_word' id='word_1_50' title='bbox 875 754 933 821; x_wconf 82' lang='grc' dir='ltr'><em>ὃς</em></span> <span class='ocrx_word' id='word_1_51' title='bbox 959 759 1296 856; x_wconf 42' lang='grc' dir='ltr'><em>μετέᾌτῆς</em></span> <span class='ocrx_word' id='word_1_52' title='bbox 1325 755 1528 831; x_wconf 65' lang='grc' dir='ltr'><em>τύχης]</em></span> <span class='ocrx_word' id='word_1_53' title='bbox 1665 765 1676 796; x_wconf 72' lang='lat'><strong>⁴</strong></span> 
     </span>
     <span class='ocr_line' id='line_1_9' title="bbox 107 838 1669 918; baseline -0.006 -15"><span class='ocrx_word' id='word_1_54' title='bbox 107 854 264 904; x_wconf 74' lang='grc' dir='ltr'><strong><em>ΙΩΝ.</em></strong></span> <span class='ocrx_word' id='word_1_55' title='bbox 298 852 407 918; x_wconf 89' lang='grc' dir='ltr'><em>φεῦ</em></span> <span class='ocrx_word' id='word_1_56' title='bbox 432 851 567 916; x_wconf 88' lang='grc' dir='ltr'><em>φεῦ·</em></span> <span class='ocrx_word' id='word_1_57' title='bbox 599 840 717 899; x_wconf 82' lang='grc' dir='ltr'><em>κατ’</em></span> <span class='ocrx_word' id='word_1_58' title='bbox 749 839 928 898; x_wconf 80' lang='grc' dir='ltr'><em>ὅσσων</em></span> <span class='ocrx_word' id='word_1_59' title='bbox 959 839 1030 906; x_wconf 78' lang='grc' dir='ltr'><em>ὡς</em></span> <span class='ocrx_word' id='word_1_60' title='bbox 1058 838 1235 912; x_wconf 82' lang='grc' dir='ltr'><em>ῦγρον</em></span> <span class='ocrx_word' id='word_1_61' title='bbox 1260 841 1442 912; x_wconf 88' lang='grc' dir='ltr'><em>βάλλω</em></span> <span class='ocrx_word' id='word_1_62' title='bbox 1475 839 1669 912; x_wconf 89' lang='grc' dir='ltr'><em>δάκρυ,</em></span> 
     </span>
     <span class='ocr_line' id='line_1_10' title="bbox 297 923 1756 997; baseline -0.004 -11"><span class='ocrx_word' id='word_1_63' title='bbox 297 935 470 986; x_wconf 83' lang='grc' dir='ltr'><em>ἐκεῖσε</em></span> <span class='ocrx_word' id='word_1_64' title='bbox 494 928 591 984; x_wconf 85' lang='grc' dir='ltr'><em>τὸν</em></span> <span class='ocrx_word' id='word_1_65' title='bbox 613 934 752 983; x_wconf 88' lang='grc' dir='ltr'><em>νοῦν</em></span> <span class='ocrx_word' id='word_1_66' title='bbox 777 926 933 996; x_wconf 79' lang='grc' dir='ltr'><em>δούς,</em></span> <span class='ocrx_word' id='word_1_67' title='bbox 962 923 1054 981; x_wconf 79' lang='grc' dir='ltr'><em>ὅθ’</em></span> <span class='ocrx_word' id='word_1_68' title='bbox 1082 923 1115 997; x_wconf 82' lang='grc' dir='ltr'>ἡ</span> <span class='ocrx_word' id='word_1_69' title='bbox 1140 926 1374 981; x_wconf 87' lang='grc' dir='ltr'><em>τεκοῦσά</em></span> <span class='ocrx_word' id='word_1_70' title='bbox 1399 947 1465 995; x_wconf 91' lang='grc' dir='ltr'><em>με</em></span> <span class='ocrx_word' id='word_1_71' title='bbox 1648 938 1756 982; x_wconf 85' lang='grc'>1370</span> 
     </span>
     <span class='ocr_line' id='line_1_11' title="bbox 294 1008 1466 1086; baseline -0.005 -16"><span class='ocrx_word' id='word_1_72' title='bbox 294 1027 541 1086; x_wconf 88' lang='grc' dir='ltr'><em>κρυφαῖα</em></span> <span class='ocrx_word' id='word_1_73' title='bbox 564 1008 935 1084; x_wconf 82' lang='grc' dir='ltr'><em>νυμφευθεῖσ’</em></span> <span class='ocrx_word' id='word_1_74' title='bbox 967 1008 1260 1082; x_wconf 77' lang='grc' dir='ltr'><em>ἀπημπόλα</em></span> <span class='ocrx_word' id='word_1_75' title='bbox 1283 1009 1466 1083; x_wconf 77' lang='grc' dir='ltr'><em>λάθρα</em></span> 
     </span>
     <span class='ocr_line' id='line_1_12' title="bbox 296 1092 1508 1170; baseline -0.006 -15"><span class='ocrx_word' id='word_1_76' title='bbox 296 1101 388 1155; x_wconf 80' lang='grc' dir='ltr'><em>καὶ</em></span> <span class='ocrx_word' id='word_1_77' title='bbox 410 1096 616 1170; x_wconf 82' lang='grc' dir='ltr'><em>μαστὸν</em></span> <span class='ocrx_word' id='word_1_78' title='bbox 646 1095 745 1167; x_wconf 69' lang='grc' dir='ltr'><em>οὐχ</em></span> <span class='ocrx_word' id='word_1_79' title='bbox 774 1093 1035 1165; x_wconf 81' lang='grc' dir='ltr'><em>ὑπέσχεν·</em></span> <span class='ocrx_word' id='word_1_80' title='bbox 1065 1092 1186 1150; x_wconf 72' lang='grc' dir='ltr'><em>ἀλλ’</em></span> <span class='ocrx_word' id='word_1_81' title='bbox 1220 1093 1508 1165; x_wconf 69' lang='grc' dir='ltr'><em>ἀνώνυμος</em></span> 
     </span>
     <span class='ocr_line' id='line_1_13' title="bbox 299 1180 1444 1252; baseline -0.005 -13"><span class='ocrx_word' id='word_1_82' title='bbox 299 1188 358 1240; x_wconf 84' lang='grc' dir='ltr'><em>ἐν</em></span> <span class='ocrx_word' id='word_1_83' title='bbox 384 1189 523 1239; x_wconf 83' lang='grc' dir='ltr'><em>θεοῦ</em></span> <span class='ocrx_word' id='word_1_84' title='bbox 554 1183 851 1252; x_wconf 74' lang='grc' dir='ltr'><em>μελάθροις</em></span> <span class='ocrx_word' id='word_1_85' title='bbox 883 1180 1028 1250; x_wconf 78' lang='grc' dir='ltr'><em>εἶχον</em></span> <span class='ocrx_word' id='word_1_86' title='bbox 1054 1182 1271 1250; x_wconf 83' lang='grc' dir='ltr'><em>οἰκέτην</em></span> <span class='ocrx_word' id='word_1_87' title='bbox 1301 1186 1444 1251; x_wconf 84' lang='grc' dir='ltr'><em>βίον.</em></span> 
     </span>
     <span class='ocr_line' id='line_1_14' title="bbox 297 1265 1548 1369; baseline -0.005 -46"><span class='ocrx_word' id='word_1_88' title='bbox 297 1265 1450 1369; x_wconf 48' lang='lat' dir='ltr'><em>TQQQyfflQl-—ffladgo</em></span> <span class='ocrx_word' id='word_1_89' title='bbox 1460 1286 1548 1327; x_wconf 86' lang='grc' dir='ltr'><em>νος</em></span> 
     </span>
     <span class='ocr_line' id='line_1_15' title="bbox 251 1303 1756 1438; baseline -0.003 -31"><span class='ocrx_word' id='word_1_90' title='bbox 251 1303 266 1420; x_wconf 54' lang='lat' dir='ltr'>I</span> <span class='ocrx_word' id='word_1_91' title='bbox 296 1355 497 1438; x_wconf 48' lang='grc' dir='ltr'><em>ρει-ρέα,</em></span> <span class='ocrx_word' id='word_1_92' title='bbox 522 1351 723 1422; x_wconf 86' lang='grc' dir='ltr'><em>χρόνον</em></span> <span class='ocrx_word' id='word_1_93' title='bbox 747 1374 849 1421; x_wconf 89' lang='grc' dir='ltr'><em>γαρ</em></span> <span class='ocrx_word' id='word_1_94' title='bbox 875 1373 940 1404; x_wconf 93' lang='grc' dir='ltr'><em>ον</em></span> <span class='ocrx_word' id='word_1_95' title='bbox 963 1372 1000 1419; x_wconf 90' lang='grc' dir='ltr'><em>μ</em></span> <span class='ocrx_word' id='word_1_96' title='bbox 1049 1355 1213 1419; x_wconf 85' lang='grc' dir='ltr'><em>εχρῆν</em></span> <span class='ocrx_word' id='word_1_97' title='bbox 1238 1352 1297 1403; x_wconf 82' lang='grc' dir='ltr'><em>ἐν</em></span> <span class='ocrx_word' id='word_1_98' title='bbox 1322 1346 1583 1419; x_wconf 79' lang='grc' dir='ltr'><em>ἀγκάλαις</em></span> <span class='ocrx_word' id='word_1_99' title='bbox 1649 1360 1756 1405; x_wconf 82' lang='grc'>1375</span> 
     </span>
     <span class='ocr_line' id='line_1_16' title="bbox 297 1435 1497 1508; baseline -0.004 -16"><span class='ocrx_word' id='word_1_100' title='bbox 297 1435 498 1508; x_wconf 83' lang='grc' dir='ltr'><em>μητρὸς</em></span> <span class='ocrx_word' id='word_1_101' title='bbox 521 1441 797 1506; x_wconf 81' lang='grc' dir='ltr'><em>τρυφῆσαι</em></span> <span class='ocrx_word' id='word_1_102' title='bbox 822 1440 917 1488; x_wconf 83' lang='grc' dir='ltr'><em>καί</em></span> <span class='ocrx_word' id='word_1_103' title='bbox 941 1458 991 1488; x_wconf 92' lang='grc' dir='ltr'><em>τι</em></span> <span class='ocrx_word' id='word_1_104' title='bbox 1015 1439 1327 1505; x_wconf 85' lang='grc' dir='ltr'><em>τερφθῆναι</em></span> <span class='ocrx_word' id='word_1_105' title='bbox 1352 1439 1497 1504; x_wconf 89' lang='grc' dir='ltr'><em>βίου,</em></span> 
     </span>
     <span class='ocr_line' id='line_1_17' title="bbox 300 1517 1438 1592; baseline -0.004 -16"><span class='ocrx_word' id='word_1_106' title='bbox 300 1519 684 1592; x_wconf 75' lang='grc' dir='ltr'><em>ἀπεστερήθην</em></span> <span class='ocrx_word' id='word_1_107' title='bbox 710 1518 968 1589; x_wconf 75' lang='grc' dir='ltr'><em>φιλτάτης</em></span> <span class='ocrx_word' id='word_1_108' title='bbox 991 1517 1192 1589; x_wconf 85' lang='grc' dir='ltr'><em>μητρὸς</em></span> <span class='ocrx_word' id='word_1_109' title='bbox 1216 1523 1438 1587; x_wconf 82' lang='grc' dir='ltr'><em>τροφῆς.</em></span> 
     </span>
     <span class='ocr_line' id='line_1_18' title="bbox 300 1599 1592 1676; baseline -0.003 -16"><span class='ocrx_word' id='word_1_110' title='bbox 300 1606 519 1676; x_wconf 85' lang='grc' dir='ltr'><em>τλήμων</em></span> <span class='ocrx_word' id='word_1_111' title='bbox 545 1604 605 1659; x_wconf 74' lang='grc' dir='ltr'><em>δὲ</em></span> <span class='ocrx_word' id='word_1_112' title='bbox 629 1601 693 1674; x_wconf 85' lang='grc' dir='ltr'>χὴ</span> <span class='ocrx_word' id='word_1_113' title='bbox 722 1603 953 1658; x_wconf 87' lang='grc' dir='ltr'><em>τεκοῦσά</em></span> <span class='ocrx_word' id='word_1_114' title='bbox 978 1600 1059 1673; x_wconf 79' lang='grc' dir='ltr'><em>μ’,</em></span> <span class='ocrx_word' id='word_1_115' title='bbox 1088 1599 1160 1666; x_wconf 74' lang='grc' dir='ltr'><em>ὡς</em></span> <span class='ocrx_word' id='word_1_116' title='bbox 1185 1600 1387 1657; x_wconf 80' lang='grc' dir='ltr'><em>ταύτὸν</em></span> <span class='ocrx_word' id='word_1_117' title='bbox 1413 1601 1592 1665; x_wconf 89' lang='grc' dir='ltr'><em>πάθος</em></span> 
     </span>
     <span class='ocr_line' id='line_1_19' title="bbox 300 1685 1442 1759; baseline -0.004 -14"><span class='ocrx_word' id='word_1_118' title='bbox 300 1692 574 1759; x_wconf 85' lang='grc' dir='ltr'><em>πέπονθε,</em></span> <span class='ocrx_word' id='word_1_119' title='bbox 603 1687 797 1752; x_wconf 82' lang='grc' dir='ltr'><em>παιδὸς</em></span> <span class='ocrx_word' id='word_1_120' title='bbox 823 1685 1132 1742; x_wconf 74' lang='grc' dir='ltr'><em>ἀπολέσασα</em></span> <span class='ocrx_word' id='word_1_121' title='bbox 1155 1686 1442 1757; x_wconf 85' lang='grc' dir='ltr'><em>χαρμονάς.</em></span> 
     </span>
     <span class='ocr_line' id='line_1_20' title="bbox 300 1769 1762 1845; baseline -0.003 -16"><span class='ocrx_word' id='word_1_122' title='bbox 300 1776 391 1829; x_wconf 84' lang='grc' dir='ltr'><em>καὶ</em></span> <span class='ocrx_word' id='word_1_123' title='bbox 415 1780 522 1829; x_wconf 90' lang='grc' dir='ltr'><em>νῦν</em></span> <span class='ocrx_word' id='word_1_124' title='bbox 548 1771 734 1844; x_wconf 71' lang='grc' dir='ltr'><em>λαβὼν</em></span> <span class='ocrx_word' id='word_1_125' title='bbox 758 1769 913 1843; x_wconf 79' lang='grc' dir='ltr'><em>τήνδ’</em></span> <span class='ocrx_word' id='word_1_126' title='bbox 943 1769 1196 1842; x_wconf 71' lang='grc' dir='ltr'><em>ἀντίπηγ’</em></span> <span class='ocrx_word' id='word_1_127' title='bbox 1226 1780 1356 1826; x_wconf 80' lang='grc' dir='ltr'><em>οἴσω</em></span> <span class='ocrx_word' id='word_1_128' title='bbox 1385 1776 1500 1845; x_wconf 78' lang='grc' dir='ltr'><em>θεῷ</em></span> <span class='ocrx_word' id='word_1_129' title='bbox 1654 1783 1762 1826; x_wconf 83' lang='grc'>1380</span> 
     </span>
     <span class='ocr_line' id='line_1_21' title="bbox 302 1848 1548 1929; baseline -0.002 -16"><span class='ocrx_word' id='word_1_130' title='bbox 302 1856 565 1929; x_wconf 74' lang='grc' dir='ltr'><em>ἀνάθημ’,</em></span> <span class='ocrx_word' id='word_1_131' title='bbox 594 1855 667 1912; x_wconf 77' lang='grc' dir='ltr'><em>ἵν’</em></span> <span class='ocrx_word' id='word_1_132' title='bbox 698 1854 842 1928; x_wconf 75' lang='grc' dir='ltr'><em>εὕρω</em></span> <span class='ocrx_word' id='word_1_133' title='bbox 867 1856 1040 1928; x_wconf 73' lang='grc' dir='ltr'><em>μηδὲν</em></span> <span class='ocrx_word' id='word_1_134' title='bbox 1065 1848 1144 1910; x_wconf 66' lang='grc' dir='ltr'><em>οἷν</em></span> <span class='ocrx_word' id='word_1_135' title='bbox 1171 1853 1238 1911; x_wconf 84' lang='grc' dir='ltr'><em>ού</em></span> <span class='ocrx_word' id='word_1_136' title='bbox 1263 1856 1548 1927; x_wconf 86' lang='grc' dir='ltr'><em>βούλομαι.</em></span> 
     </span>
     <span class='ocr_line' id='line_1_22' title="bbox 305 1941 1424 2014; baseline -0.002 -17"><span class='ocrx_word' id='word_1_137' title='bbox 305 1949 355 1997; x_wconf 83' lang='grc' dir='ltr'><em>εἰ</em></span> <span class='ocrx_word' id='word_1_138' title='bbox 376 1943 478 2013; x_wconf 89' lang='grc' dir='ltr'><em>γάρ</em></span> <span class='ocrx_word' id='word_1_139' title='bbox 503 1966 569 2014; x_wconf 88' lang='grc' dir='ltr'><em>με</em></span> <span class='ocrx_word' id='word_1_140' title='bbox 594 1943 764 2014; x_wconf 89' lang='grc' dir='ltr'><em>δούλη</em></span> <span class='ocrx_word' id='word_1_141' title='bbox 789 1941 1045 2012; x_wconf 80' lang='grc' dir='ltr'><em>τυγχάνει</em></span> <span class='ocrx_word' id='word_1_142' title='bbox 1071 1941 1306 1996; x_wconf 87' lang='grc' dir='ltr'><em>τεκοῦσά</em></span> <span class='ocrx_word' id='word_1_143' title='bbox 1330 1964 1424 2009; x_wconf 86' lang='grc' dir='ltr'><em>τις,</em></span> 
     </span>
     <span class='ocr_line' id='line_1_23' title="bbox 308 2023 1378 2099; baseline -0.003 -16"><span class='ocrx_word' id='word_1_144' title='bbox 308 2024 493 2098; x_wconf 79' lang='grc' dir='ltr'><em>εὑρεῖν</em></span> <span class='ocrx_word' id='word_1_145' title='bbox 516 2027 710 2083; x_wconf 87' lang='grc' dir='ltr'><em>κάκιον</em></span> <span class='ocrx_word' id='word_1_146' title='bbox 734 2024 923 2099; x_wconf 79' lang='grc' dir='ltr'><em>μητέρ’</em></span> <span class='ocrx_word' id='word_1_147' title='bbox 950 2023 984 2097; x_wconf 82' lang='grc' dir='ltr'><em>ἢ</em></span> <span class='ocrx_word' id='word_1_148' title='bbox 1009 2023 1233 2096; x_wconf 79' lang='grc' dir='ltr'><em>σιγῶντ’</em></span> <span class='ocrx_word' id='word_1_149' title='bbox 1266 2029 1378 2081; x_wconf 83' lang='grc' dir='ltr'><em>ε’ἆν.</em></span> 
     </span>
     <span class='ocr_line' id='line_1_24' title="bbox 306 2102 1415 2184; baseline -0.004 -16"><span class='ocrx_word' id='word_1_150' title='bbox 306 2104 349 2167; x_wconf 66' lang='grc' dir='ltr'><em>ὦ</em></span> <span class='ocrx_word' id='word_1_151' title='bbox 374 2119 570 2184; x_wconf 84' lang='grc' dir='ltr'><em>Φοῖβε,</em></span> <span class='ocrx_word' id='word_1_152' title='bbox 596 2102 747 2177; x_wconf 58' lang='grc' dir='ltr'><em>νῖοῖς</em></span> <span class='ocrx_word' id='word_1_153' title='bbox 771 2109 1070 2182; x_wconf 75' lang='grc' dir='ltr'><em>ἀνατίθημι</em></span> <span class='ocrx_word' id='word_1_154' title='bbox 1095 2110 1260 2182; x_wconf 85' lang='grc' dir='ltr'><em>τήνδε</em></span> <span class='ocrx_word' id='word_1_155' title='bbox 1286 2123 1415 2174; x_wconf 87' lang='grc' dir='ltr'><em>σοῖς.</em></span> 
     </span>
     <span class='ocr_line' id='line_1_25' title="bbox 303 2196 1763 2268; baseline -0.001 -17"><span class='ocrx_word' id='word_1_156' title='bbox 303 2203 477 2252; x_wconf 88' lang='grc' dir='ltr'><em>καίτοι</em></span> <span class='ocrx_word' id='word_1_157' title='bbox 500 2205 558 2252; x_wconf 91' lang='grc' dir='ltr'><em>τί</em></span> <span class='ocrx_word' id='word_1_158' title='bbox 575 2196 790 2267; x_wconf 86' lang='grc' dir='ltr'><em>πάσχω;</em></span> <span class='ocrx_word' id='word_1_159' title='bbox 816 2203 915 2251; x_wconf 92' lang='grc' dir='ltr'><em>τοῦ</em></span> <span class='ocrx_word' id='word_1_160' title='bbox 939 2201 1079 2251; x_wconf 87' lang='grc' dir='ltr'><em>θεοῦ</em></span> <span class='ocrx_word' id='word_1_161' title='bbox 1106 2201 1394 2268; x_wconf 74' lang='grc' dir='ltr'><em>προθυμία</em></span> <span class='ocrx_word' id='word_1_162' title='bbox 1654 2207 1763 2250; x_wconf 82' lang='lat'>1385</span> 
     </span>
     <span class='ocr_line' id='line_1_26' title="bbox 306 2277 1567 2353; baseline -0.002 -18"><span class='ocrx_word' id='word_1_163' title='bbox 306 2288 549 2353; x_wconf 77' lang='grc' dir='ltr'><em>πολεμῶ,</em></span> <span class='ocrx_word' id='word_1_164' title='bbox 575 2281 639 2336; x_wconf 78' lang='grc' dir='ltr'><em>τὰ</em></span> <span class='ocrx_word' id='word_1_165' title='bbox 663 2280 862 2352; x_wconf 85' lang='grc' dir='ltr'><em>μητρὸς</em></span> <span class='ocrx_word' id='word_1_166' title='bbox 889 2278 1120 2352; x_wconf 77' lang='grc' dir='ltr'><em>σύμβολ’</em></span> <span class='ocrx_word' id='word_1_167' title='bbox 1151 2277 1209 2343; x_wconf 79' lang='grc' dir='ltr'><em>ὃς</em></span> <span class='ocrx_word' id='word_1_168' title='bbox 1232 2281 1440 2335; x_wconf 86' lang='grc' dir='ltr'><em>σέσωκέ</em></span> <span class='ocrx_word' id='word_1_169' title='bbox 1460 2301 1567 2350; x_wconf 92' lang='grc' dir='ltr'><em>μοι.</em></span> 
     </span>
     <span class='ocr_line' id='line_1_27' title="bbox 308 2363 1329 2436; baseline -0.001 -17"><span class='ocrx_word' id='word_1_170' title='bbox 308 2363 592 2422; x_wconf 76' lang='grc' dir='ltr'><em>ἀνοικτέον</em></span> <span class='ocrx_word' id='word_1_171' title='bbox 616 2364 736 2421; x_wconf 83' lang='grc' dir='ltr'><em>τάδ’</em></span> <span class='ocrx_word' id='word_1_172' title='bbox 766 2368 877 2422; x_wconf 81' lang='grc' dir='ltr'><em>ἐστὶ</em></span> <span class='ocrx_word' id='word_1_173' title='bbox 903 2368 994 2420; x_wconf 89' lang='grc' dir='ltr'><em>καὶ</em></span> <span class='ocrx_word' id='word_1_174' title='bbox 1019 2367 1329 2436; x_wconf 88' lang='grc' dir='ltr'><em>τολμητέον.</em></span> 
     </span>
     <span class='ocr_line' id='line_1_28' title="bbox 262 2441 1335 2537; baseline -0.002 -33"><span class='ocrx_word' id='word_1_175' title='bbox 262 2441 281 2537; x_wconf 55' lang='grc' dir='ltr'>ί</span> <span class='ocrx_word' id='word_1_176' title='bbox 307 2448 371 2504; x_wconf 79' lang='grc' dir='ltr'><em>τὰ</em></span> <span class='ocrx_word' id='word_1_177' title='bbox 395 2450 498 2522; x_wconf 82' lang='grc' dir='ltr'><em>γὰρ</em></span> <span class='ocrx_word' id='word_1_178' title='bbox 523 2448 835 2506; x_wconf 77' lang='grc' dir='ltr'><em>πεποωαέν’</em></span> <span class='ocrx_word' id='word_1_179' title='bbox 873 2453 939 2506; x_wconf 84' lang='grc' dir='ltr'><em>οὐ</em></span> <span class='ocrx_word' id='word_1_180' title='bbox 1023 2447 1102 2505; x_wconf 80' lang='grc' dir='ltr'><em>ῦπ</em></span> <span class='ocrx_word' id='word_1_181' title='bbox 1207 2455 1335 2502; x_wconf 67' lang='grc' dir='ltr'><em>αι’Υν</em></span> 
     </span>
     <span class='ocr_line' id='line_1_29' title="bbox 309 2532 1513 2605; baseline 0 -18"><span class='ocrx_word' id='word_1_182' title='bbox 309 2556 349 2587; x_wconf 93' lang='grc' dir='ltr'><em>ω</em></span> <span class='ocrx_word' id='word_1_183' title='bbox 375 2533 641 2605; x_wconf 87' lang='grc' dir='ltr'><em>στεμμαθ’</em></span> <span class='ocrx_word' id='word_1_184' title='bbox 672 2535 816 2605; x_wconf 79' lang='grc' dir='ltr'><em>ἱερά,</em></span> <span class='ocrx_word' id='word_1_185' title='bbox 846 2541 903 2589; x_wconf 88' lang='grc' dir='ltr'><em>τί</em></span> <span class='ocrx_word' id='word_1_186' title='bbox 923 2536 1056 2589; x_wconf 90' lang='grc' dir='ltr'><em>ποτέ</em></span> <span class='ocrx_word' id='word_1_187' title='bbox 1077 2556 1168 2604; x_wconf 89' lang='grc' dir='ltr'><em>μοι</em></span> <span class='ocrx_word' id='word_1_188' title='bbox 1194 2532 1513 2602; x_wconf 87' lang='grc' dir='ltr'><em>κεκεύθατε,</em></span> 
     </span>
     <span class='ocr_line' id='line_1_30' title="bbox 309 2615 1765 2690; baseline -0.001 -18"><span class='ocrx_word' id='word_1_189' title='bbox 309 2620 401 2673; x_wconf 82' lang='grc' dir='ltr'><em>καὶ</em></span> <span class='ocrx_word' id='word_1_190' title='bbox 424 2617 679 2690; x_wconf 83' lang='grc' dir='ltr'><em>σύνδεθ’,</em></span> <span class='ocrx_word' id='word_1_191' title='bbox 705 2617 812 2675; x_wconf 83' lang='grc' dir='ltr'><em>οἷσι</em></span> <span class='ocrx_word' id='word_1_192' title='bbox 838 2615 960 2688; x_wconf 69' lang='grc' dir='ltr'><em>τᾶμ’</em></span> <span class='ocrx_word' id='word_1_193' title='bbox 990 2617 1314 2689; x_wconf 81' lang='grc' dir='ltr'><em>ἐφρουρήθη</em></span> <span class='ocrx_word' id='word_1_194' title='bbox 1334 2623 1497 2689; x_wconf 79' lang='grc' dir='ltr'><em>φίλά;</em></span> <span class='ocrx_word' id='word_1_195' title='bbox 1658 2628 1765 2671; x_wconf 86' lang='grc'>1390</span> 
     </span>
     <span class='ocr_line' id='line_1_31' title="bbox 312 2699 1411 2775; baseline -0.001 -18"><span class='ocrx_word' id='word_1_196' title='bbox 312 2701 433 2758; x_wconf 83' lang='grc' dir='ltr'><em>ι’δοὺ</em></span> <span class='ocrx_word' id='word_1_197' title='bbox 458 2700 787 2775; x_wconf 81' lang='grc' dir='ltr'><em>περίπτυγμ’</em></span> <span class='ocrx_word' id='word_1_198' title='bbox 817 2700 1110 2773; x_wconf 71' lang='grc' dir='ltr'><em>ἀντίπηγος</em></span> <span class='ocrx_word' id='word_1_199' title='bbox 1137 2699 1411 2757; x_wconf 78' lang='grc' dir='ltr'><em>εὐκύκλου</em></span> 
     </span>
     <span class='ocr_line' id='line_1_32' title="bbox 311 2783 1335 2860; baseline 0 -19"><span class='ocrx_word' id='word_1_200' title='bbox 311 2783 383 2851; x_wconf 74' lang='grc' dir='ltr'><em>ὡς</em></span> <span class='ocrx_word' id='word_1_201' title='bbox 407 2783 472 2842; x_wconf 86' lang='grc' dir='ltr'><em>οῦ</em></span> <span class='ocrx_word' id='word_1_202' title='bbox 497 2785 756 2860; x_wconf 85' lang='grc' dir='ltr'><em>γεγήρακ’</em></span> <span class='ocrx_word' id='word_1_203' title='bbox 789 2794 846 2843; x_wconf 70' lang='grc' dir='ltr'><em>ἐκ</em></span> <span class='ocrx_word' id='word_1_204' title='bbox 873 2809 1019 2851; x_wconf 88' lang='grc' dir='ltr'><em>τινος</em></span> <span class='ocrx_word' id='word_1_205' title='bbox 1042 2785 1335 2858; x_wconf 87' lang='grc' dir='ltr'><em>θεηλάτου,</em></span> 
     </span>
    </p>
   </div>
   <div class='ocr_carea' id='block_1_3' title="bbox 1355 2452 1608 2555">
    <p class='ocr_par' dir='ltr' id='par_1_3' title="bbox 1355 2452 1608 2555">
     <span class='ocr_line' id='line_1_33' title="bbox 1355 2452 1608 2511; baseline 0 0"><span class='ocrx_word' id='word_1_206' title='bbox 1355 2452 1608 2511; x_wconf 95' lang='lat' dir='ltr'><em>  </em></span> 
     </span>
     <span class='ocr_line' id='line_1_34' title="bbox 1513 2511 1608 2555; baseline 0 562"><span class='ocrx_word' id='word_1_207' title='bbox 1513 2511 1608 2555; x_wconf 95' lang='lat' dir='ltr'><em> </em></span> 
     </span>
    </p>
   </div>
  </div>
 </body>
</html>
