2018 3117
211 72 314 125 232

901 79 1192 126 MHAEIA

402 213 597 295 x9ggf¹gv
623 214 726 286 γάρ
753 212 1028 283 ἀλλάξασα
1052 224 1240 291 λεχρία
1265 219 1430 276 πάλιν

401 313 573 371 χωρεῖ
592 301 867 371 τρέμουσα
890 306 1040 356 κῶλα
1060 304 1154 357 καὶ
1177 303 1333 374 μόλις
1356 306 1564 377 φθάνει

402 385 695 456 θρόνοισιν
723 387 1034 455 ἐμπεσοῦσα
1057 385 1130 458 μὴ
1154 390 1321 459 χαμαὶ
1345 369 1548 447 πεσγεϊν.

397 475 495 524 καί
512 492 592 534 τις
612 468 809 541 γεραιά
835 471 1165 539 προσπόλων
1189 472 1390 539 δόξασά
1424 498 1533 532 που

399 550 435 624 ἦ
454 552 643 644 Πανὸς
669 551 836 627 ὀργὰς
853 551 891 626 ἧ
912 554 1061 621 τινὸς
1085 562 1240 612 θεῶν
1264 565 1455 629 μολεῖν

966 638 979 658 5
1022 638 1034 657 θ
1091 648 1113 658 η

400 611 740 709 ἀνωλόλυξε,
769 646 903 712 πρίν
925 665 959 712 γ
1011 665 1114 715 ορᾳ
1140 641 1233 697 διὰ
1257 644 1428 715 στόμα

397 707 686 796 χωροῦντα
708 723 912 780 λευκὸν
935 723 1146 798 αφρόν,
1174 724 1430 799 ὀμμάτων
1458 752 1486 784 τ
1499 727 1648 786 ’ἀπὸ

400 808 565 880 κόρας
591 811 967 882 στρέφουσαν,
993 808 1126 883 αἷμά
1149 809 1197 867 τ’
1227 810 1330 868 οῦκ
1355 813 1484 870 ε’νόν
1511 822 1657 887 χροΐ·

397 891 497 950 εἶτ’
525 892 865 984 ἀντίμολπον
888 898 1023 967 ἡκεν
1049 894 1318 970 ὀλολυγῆς
1343 901 1515 1001 μέγαν

396 979 668 1035 κωκυτόν.
678 954 873 1045 εὐθὺς
898 979 951 1036 δ’
978 979 1043 1053 ἢ
1037 1005 1136 1038 ιιεν
1163 988 1238 1047 εἰς
1264 984 1467 1054 πατρὸς
1494 986 1698 1058 δόμους

399 1082 668 1136 ωρμησεν,
695 1063 728 1135 ἣ
755 1066 816 1120 δε
843 1064 980 1130 πρὸς
1005 1066 1101 1121 τὸν
1125 1064 1323 1134 ἀρτίως
1349 1069 1527 1141 πόσιν,

396 1149 685 1221 φράσουσα
709 1149 932 1221 νύμφης
956 1152 1271 1222 συμφοράς·
1302 1150 1484 1210 ἅπασα
1511 1156 1572 1212 δὲ

396 1235 558 1305 στέγη
585 1248 880 1290 πυκνοῖσιν
904 1236 1127 1292 ἐκτύπει
1152 1238 1512 1309 δρομήμασιν.

392 1316 498 1390 ἤδη
529 1316 580 1374 δ’
611 1315 681 1374 ἂν
706 1322 884 1374 ἕλκων
908 1326 1089 1376 κῶλον
1114 1324 1427 1379 ἑκπλέθοου
1454 1326 1665 1397 δρόμου

393 1402 559 1474 ταχὺς
583 1403 845 1476 βαδιστὴς
871 1406 1152 1479 τερμόνων
1178 1404 1488 1479 άνθήπτετο
1505 1429 1516 1439 ·

390 1487 422 1559 ἢ
451 1486 503 1572 δί
533 1491 585 1555 ἐξ
611 1487 862 1546 ἀναύδου
890 1494 983 1547 καὶ
1004 1491 1279 1562 μῦσαντος
1305 1491 1543 1564 ὄμματος

393 1573 582 1629 δεινὸν
607 1574 890 1642 στενάξασ’
922 1574 954 1648 ἡ
982 1573 1194 1633 τάλαιν’
1223 1574 1473 1650 ἠγείρετο
1491 1598 1503 1611 ‘

393 1663 632 1714 διπλοῦν
660 1658 763 1732 γὰρ
792 1657 933 1732 αὐτῇ
958 1659 1095 1733 πῆμ’
1125 1663 1565 1735 ἐπεστρατεῦετο.

387 1750 628 1814 χρυσοῦς
652 1746 753 1816 μὲν
777 1742 920 1817 ἀμφὶ
944 1748 1103 1819 κρατὶ
1127 1753 1377 1818 κείμενος
1401 1749 1602 1814 πλόκος

388 1829 716 1900 θαυμαστὸν
742 1835 813 1886 ἵει
835 1837 990 1916 vQ
1006 1832 1308 1903 παμφάγου
1339 1833 1513 1905 πυρός
1528 1853 1538 1863 ·

390 1914 586 1969 πέπλοι
612 1915 673 1970 δὲ
698 1923 910 1986 λεπτοί,
937 1923 1052 1972 σῶν
1077 1919 1287 1973 τέκνων
1313 1918 1624 1990 δωρήματα,

390 2000 596 2070 λεπτὴν
630 2005 868 2080 &geg-3:92)
892 2001 1067 2073 σάρκα
1092 2008 1184 2074 τῆς
1211 2007 1596 2074 δυσδαίμονος.

392 2081 591 2153 φεύγει
617 2082 670 2138 δ’
701 2082 962 2142 αναστᾶσ’
997 2090 1055 2142 ἐκ
1080 2088 1309 2157 θρόνων
1334 2090 1675 2161 πυρουμένῃ,

387 2174 612 2224 σείουσα
636 2176 827 2240 χαίτην
853 2169 1099 2241 κρᾶτά’
1052 2195 1080 2226 τ
1128 2169 1309 2227 ἄλλοτ’
1341 2171 1554 2243 άλλοσε,

393 2255 550 2323 ῥῖψαι
576 2256 821 2310 θέλουσα
849 2258 1152 2327 στέφανον·
1183 2253 1304 2311 ἀλλ’
1335 2254 1615 2326 ἀραρότως

389 2337 673 2409 σύνδεσμοι
696 2343 899 2412 χρυσὸς
926 2341 1060 2411 εἶχε,
1089 2348 1200 2414 πῦρ
1231 2337 1285 2396 δ’
1293 2343 1451 2410 ,ἐπει
1477 2343 1653 2414 κόμην

392 2428 593 2494 ἔσεισε,
626 2430 835 2495 μᾶλλον
862 2428 946 2490 δὶς
971 2425 1143 2491 τόσως
1167 2421 1216 2481 τ’
1246 2416 1528 2497 ἐλάμπετο.

390 2513 570 2563 πίτνει
596 2506 650 2563 δ’
683 2513 737 2574 ἐς
761 2503 931 2576 οῦδας
955 2515 1215 2585 συμφορᾷ
1239 2514 1533 2584 νικωμένη,

392 2590 536 2662 πλὴν
567 2617 639 2648 τω
664 2594 879 2651 τεκόντι
904 2595 1075 2667 κάρτα
1098 2600 1372 2666 δυσπετής
1395 2607 1624 2668 μαθειν·

394 2673 513 2732 οὔτ’
543 2674 800 2749 ὀμμάτων
824 2704 929 2751 γαρ
956 2686 1121 2752 δῆλος
1145 2682 1215 2751 ἠν
1239 2680 1563 2745 κατάστασις

392 2758 513 2816 οὔτ’
546 2759 757 2865 &Qeg
778 2765 1102 2837 πρόσωπον,
1129 2762 1262 2836 αἷμα
1288 2762 1340 2819 δ’
1372 2762 1483 2831 «ᾆξ’
1450 2788 1626 2835 ακρυυ

389 2851 572 2913 ἔσταξε
597 2847 794 2917 κρατὸς
819 2852 1293 2922 συμπεφυρμένον
1317 2855 1471 2917 πυρί,

1766 409 1871 455 1170

1760 833 1866 878 1175

1758 1258 1865 1302 1180

1750 1685 1862 1726 1185

1749 2106 1858 2150 1190

1750 2526 1856 2570 1195
