2018 3117
28 99 286 258 W
518 110 892 159 ΙΦΙΓΕΝΕΙΑ
923 114 981 159 Η
1010 116 1111 161 ΕΝ
1141 117 1391 165 ΑΥΛΙΔΙ
1704 121 1766 175 51

271 260 285 303 ί
317 251 504 316 ἔμελλε
527 247 753 318 θήσειν,
782 255 833 304 εἰ
852 250 1064 321 τύχοιμι
1091 259 1204 308 σῶν
1229 255 1433 326 γάμων.

315 335 465 430 ζηλῶ
483 331 543 385 δε
567 338 669 387 σοῦ
694 356 794 402 μεν
812 331 1025 389 Ἑλλάδ’
1033 333 1320 406 ,Ελλάδος
1346 340 1406 395 δὲ
1431 344 1508 397 σέ.

317 414 378 468 εύ
405 412 508 486 γὰρ
535 413 654 470 τόδ’
686 416 837 481 εἶπας
862 415 1021 483 ἆξιως
1047 443 1105 474 τε
1135 428 1421 521 πατρίδος·

313 495 390 563 [τό
415 507 710 570 θεομαχεῖν
736 499 839 572 γὰρ
867 499 1200 558 ἆπολιποῦσ’
1207 503 1280 575 ,ό
1305 525 1406 563 σου
1432 524 1634 582 κρατεῖ,

314 583 600 652 ἐξελογίσω
627 582 692 637 τὰ
714 583 920 655 χρηστὰ
943 583 1244 658 τάναγκαῖά
1267 596 1359 658 τε.]
1658 610 1766 653 1410

246 675 282 784 υ
246 670 516 767 (μᾶλλον
543 667 603 721 δὲ
626 669 869 737 λέκτρων
896 676 1010 725 σῶν
1034 671 1207 736 πόθος
1231 671 1288 742 μ’
1332 677 1608 746 ἐσέρχεται

312 754 387 812 εἰς
412 748 511 820 τὴν
537 750 710 820 φύσιν
729 754 1037 851 βλέψαντα
1065 763 1294 825 γενναία
1319 758 1421 830 γὰρ
1450 760 1512 815 εἷ.

307 855 407 902 ορα
433 831 516 887 δ’·
547 832 650 904 ἐγώ
679 859 781 908 γαρ
807 837 1083 908 βούλομαί
1102 836 1152 894 σ’
1184 838 1493 912 εὐεργετεῖν

305 922 496 987 λαβεῖν
520 915 571 972 τ’
601 922 654 982 ἐς
680 928 891 985 οἴκους
920 918 1163 993 αχθομαί
1182 921 1250 994 τ’,
1280 933 1409 981 ἴστω
1438 930 1608 999 Θέτις,

308 1004 357 1054 εἰ
377 1000 452 1071 μή
476 1021 536 1056 σε
560 1001 717 1058 σω’σω
742 1010 1078 1061 Δαναΐδαισι
1104 1005 1195 1062 διὰ
1219 1007 1389 1080 μάχης
1653 1028 1756 1070 1415

305 1083 515 1139 ἐλθών·
543 1083 820 1158 ἄθρησον,
849 1085 877 1144 ὁ
904 1089 1145 1157 θάνατος
1168 1091 1355 1147 δεινὸν
1380 1096 1566 1150 κακόν.

116 1170 212 1220 ΙΦ.
301 1167 642 1237 λέγωτεὲδ’*
713 1176 737 1199 *
809 1175 833 1199 '⁴‘
906 1178 928 1201 *
1002 1178 1025 1203 *
1101 1180 1122 1204 *
1196 1182 1219 1206 *
1294 1180 1318 1209 *
1392 1183 1414 1208 *

300 1248 334 1321 ἡ
371 1256 644 1324 Τυνδαρὶς
669 1268 794 1320 παῖς
821 1255 913 1311 δια
938 1255 996 1311 τὸ
1024 1256 1162 1329 σῶμ’
1193 1257 1350 1330 ἀρκεῖ
1373 1285 1543 1352 μαχας

299 1332 521 1406 ανδρων
545 1347 760 1394 τιθεῖσα
785 1341 877 1394 και
905 1339 1236 1411 φόνους·σύ
1265 1342 1316 1397 δ
1324 1347 1407 1415 ,ὦ
1436 1348 1572 1418 ξένε,

295 1417 368 1489 μὴ
394 1427 603 1491 θνῆσκε
629 1419 705 1477 δι’
735 1424 826 1493 έμε
849 1422 978 1495 μηδ’
1009 1422 1334 1498 ἀποκτείνης
1358 1451 1494 1484 τινα.
1644 1446 1750 1488 1420

296 1508 357 1556 ἐα
382 1503 443 1558 δὲ
468 1511 646 1560 σῶσαί
664 1504 717 1576 μ’
741 1505 824 1561 ‘.E'7
830 1506 952 1563 λαὸ’
960 1551 973 1577 ,
1001 1505 1070 1579 ἢν
1096 1508 1412 1581 δυνώμεθα.

111 1591 219 1641 AX.
291 1587 331 1639 ω
358 1584 485 1657 λῆμ’
516 1586 765 1661 ἄριστον,
793 1588 895 1645 ούκ
921 1598 1021 1662 ε’χω
1048 1615 1184 1665 προς
1209 1593 1358 1650 τοῦτ’
1389 1603 1465 1651 ἔτι

290 1671 500 1741 λέγειν,
527 1675 652 1728 ἐπεί
668 1691 753 1729 σοι
779 1675 906 1730 τάδε
931 1680 1106 1732 δοκεῖ·
1131 1692 1357 1748 γενναῖα
1381 1704 1483 1780 γαρ

291 1768 542 1827 φρονεῖς·
570 1763 628 1812 τί
645 1780 748 1829 γαρ
776 1756 1010 1830 ταληθες
1035 1757 1136 1816 οὐκ
1172 1770 1315 1817 εἴποι
1340 1787 1419 1829 τις
1444 1789 1540 1821 αυ-
1529 1809 1542 1832 ,

287 1860 429 1908 ομως
441 1831 752 1939 δ’,ἴσωςγαρ
766 1844 869 1896 κᾶν
887 1851 1209 1916 μεταγνοίης
1234 1846 1378 1915 τάδε,
1632 1865 1740 1908 1425

287 1918 377 1988 [ως
402 1924 506 1978 ούν
531 1920 599 1978 α“ν
625 1931 772 1997 εἰδῇς
796 1924 923 1981 τάπ’
952 1931 1085 1999 ἐμοῦ
1111 1930 1430 2003 λελεγμένα]

286 2004 472 2061 ε’λθων
497 2006 616 2063 τάδ’
646 2006 786 2065 ὅπλα
811 2010 1052 2083 θήσομαι
1078 2020 1270 2084 βωμοῦ
1297 2017 1478 2087 πέλας,

285 2113 357 2153 ως
383 2087 485 2146 οὐκ
510 2091 686 2148 εἀσων
711 2091 762 2148 6'
793 2092 928 2150 ἀλλὰ
954 2096 1224 2153 κωλύσων
1248 2107 1463 2155 θανεῖν.

277 2174 483 2246 [χρήσει
503 2180 563 2231 δὲ
579 2179 670 2232 καὶ
694 2176 764 2233 σὺ
790 2192 901 2244 τοῖς
928 2183 1074 2251 ἐμοῖς
1098 2181 1281 2252 λόγοις
1305 2207 1453 2254 ταχα,

281 2254 414 2313 ὅταν
439 2261 603 2325 πέλας
637 2267 733 2333 σῆς
759 2282 1045 2335 φασγανον
1071 2268 1232 2338 δέρης
1258 2272 1393 2339 ἱδῃς.
1629 2284 1739 2328 1430

279 2337 487 2398 ούκουν
513 2344 652 2400 εἀσω
678 2343 732 2401 σ’
762 2343 1052 2421 ἀφροσύνη
1077 2356 1141 2422 τῇ
1167 2356 1235 2422 σῇ
1261 2359 1485 2407 θανεῖν·

275 2424 460 2481 ἐλθών
486 2427 547 2483 δε
571 2428 676 2484 σὺν
701 2426 887 2497 όπλοις
911 2439 1092 2489 τοῖσδε
1117 2433 1252 2504 πρὸς
1277 2434 1414 2492 ναὸν
1439 2443 1574 2502 θεᾶς

275 2511 634 2582 καραδοκήσω
659 2512 762 2585 σὴν
788 2518 904 2571 ἐκεῖ
922 2524 1266 2591 παρουσίαν]

90 2595 185 2644 ῙΦ.
273 2598 441 2664 μῆτερ
459 2637 474 2664 ,
501 2603 559 2651 τί
577 2604 703 2670 σιγῇ
731 2600 992 2670 δακρύοις
1016 2604 1226 2672 τέγγεις
1251 2603 1447 2676 κόρας;

87 2679 203 2728 ΚΛ
274 2681 376 2746 ε”χω
402 2678 630 2736 ταλαινα
655 2681 935 2754 πρόφασιν
961 2682 1090 2740 ὥστ’
1120 2683 1309 2756 αλγεῖν
1336 2690 1529 2759 φρένα.
1623 2699 1734 2744 1435

90 2762 182 2810 ΙΦ.
271 2766 483 2816 παῦσαί
501 2786 567 2833 με
590 2763 664 2836 μὴ
690 2765 898 2834 κακιζε·
926 2768 1055 2824 τάδε
1079 2766 1131 2824 6'
1163 2772 1280 2840 ἐμοὶ
1305 2777 1494 2826 πιθοῦ.

87 2845 200 2894 ΚΛ.
269 2839 406 2913 λέγ’,
434 2867 506 2909 ως
531 2845 662 2919 παρ’
703 2846 858 2920 ἡμῶν
884 2848 1052 2907 οὐδεν
1077 2850 1353 2924 αδικήσει,
1339 2856 1592 2963 ,τέένον

1388 2932 1419 2982 4
