2018 3117
229 90 262 139 6
608 92 991 141 ΙΦΙΓΕΝΕΙΑ
1023 91 1078 137 Η
1108 92 1205 138 ΕΝ
1241 93 1500 138 ΛΥΛΙΛῙ

437 231 598 299 ἄλλος
623 256 702 297 τις
727 229 901 304 ὤφελ’
932 229 1054 288 ἀντ’
1084 234 1218 303 ἐμοῦ
1242 238 1436 303 λαβεῖν
1461 230 1602 289 τόδε.

434 317 809 392 ἠθροισμένου
834 316 895 373 δὲ
922 318 1015 373 καὶ
1038 319 1372 383 ξυνεστῶτος
1397 323 1649 390 στρατοῦ,

435 400 640 476 ἥμεσθ’
670 398 872 475 ἀπλοίᾳ
893 400 1166 474 χρώμενοι
1189 398 1311 458 κατ’
1337 398 1575 458 Αὐλίδα.

436 488 656 558 Κάλχας
682 484 735 542 δ’
763 481 791 543 ὁ
817 486 1009 557 μάντις
1036 484 1240 561 ἀπορίᾳ
1264 489 1619 559 κεχρημένοις

437 572 656 630 ἆνεῖλεν
685 569 1016 644 Ἰφιγένειαν
1040 568 1110 645 ἢν
1134 569 1342 645 ἔσπειρ’
1371 570 1475 645 ἐγὼ
1845 589 1900 633 90

430 657 705 729 Ἀρτέμιδι
729 662 904 712 θῦσαι
929 664 994 731 τῇ
1021 655 1139 715 τόδ’
1169 655 1399 730 οἰκούσῃ
1425 659 1612 728 πέδον,

436 744 528 799 καὶ
555 747 734 797 πλοῦν
758 738 809 797 τ’
842 747 1068 800 ἔσεσθαι
1092 744 1183 798 καὶ
1207 741 1563 815 κατασκαφὰς
1589 750 1831 816 Φρυγῶν

436 825 699 905 [·θύσασι,
726 825 799 899 μὴ
824 827 1032 885 θύσασι
1057 824 1110 884 δ’
1139 824 1241 884 οὐκ
1269 828 1408 884 εἶναι
1432 824 1609 904 τάδε]

433 912 623 968 κλύων
648 908 704 967 δ’
734 909 839 984 ε’γώ
865 910 1042 984 ταῦτ’,
1070 909 1248 987 ὀρθίῳ
1274 912 1582 985 κηρύγματι

441 995 764 1068 Ταλθύβιον
790 997 945 1055 εἶπον
969 994 1130 1054 πάντ’
1159 996 1383 1071 ἀφιέναι
1408 997 1658 1071 στρατόν,
1845 1015 1897 1057 95

435 1080 507 1148 ὡς
533 1079 729 1138 οὔποτ’
759 1079 828 1138 ἂν
852 1082 979 1148 τλὰς
1003 1087 1288 1157 θυγατέρα
1312 1097 1537 1140 κτανεῖν
1561 1084 1713 1156 ἐμήν.

434 1160 503 1225 οὗ
528 1167 597 1241 δή
621 1166 679 1238 μ’
710 1165 951 1241 ἀδελφὸς
976 1168 1153 1225 πάντα
1178 1172 1513 1241 προσφέρων
1537 1168 1704 1241 λόγον

435 1261 616 1310 ἔπεισε
640 1259 833 1327 τλῆναι
859 1254 1029 1311 δεινά.
1058 1252 1162 1309 κάν
1188 1256 1382 1310 δέλτου
1407 1266 1635 1325 πτυχαῖς

432 1339 646 1410 γράψας
671 1344 885 1410 ἔπεμψα
910 1338 1046 1412 πρὸς
1072 1338 1319 1411 δάμαρτα
1344 1338 1444 1411 τὴν
1468 1337 1604 1411 ἐμὴν

427 1427 668 1481 στέλλειν
697 1422 934 1495 Ἀχιλλεῖ
956 1421 1223 1497 θυγατέρ’
1255 1420 1327 1488 ὦς
1351 1426 1723 1497 γαμουμένην,
1818 1443 1897 1483 100

433 1507 494 1566 τό
519 1506 568 1565 τ’
599 1506 808 1581 ἀξίωμα
834 1507 1070 1581 τάνδρὸς
1095 1509 1555 1582 ἐκγαυρούμενος,

431 1602 705 1666 συμπλεῖν
729 1592 780 1650 τ’
815 1592 1048 1666 Ἀχαιοῖς
1075 1591 1264 1651 οὕνεκ’
1294 1593 1360 1652 οὐ
1387 1597 1545 1651 θέλοι
1569 1596 1764 1667 λέγων,

433 1678 576 1751 εἰμὴ
603 1677 734 1749 παρ’
763 1677 921 1752 ἡμῶν
947 1680 1086 1736 εἶσιν
1114 1686 1188 1745 εἰς
1215 1687 1404 1736 Φθίαν
1429 1683 1608 1752 λέχος·

430 1763 610 1820 πειθώ
639 1763 742 1837 γὰρ
772 1765 918 1836 εἶχον
943 1764 1109 1837 τήνδε
1135 1764 1271 1838 πρὸς
1297 1763 1529 1837 δάμαρτ’
1559 1765 1712 1838 ἐμήν,

429 1855 611 1922 ψευδῆ
637 1850 886 1917 συνάψας
912 1848 1055 1923 ἀμφὶ
1081 1852 1368 1922 παρθένου
1393 1849 1586 1923 γάμον.
1814 1868 1895 1910 105

430 1934 590 2006 μόνοι
616 1933 670 1991 δ’
705 1932 936 2008 Ἀχαιῶν
962 1945 1118 2008 ἴσμεν
1145 1932 1216 2002 ὡς
1242 1942 1350 2008 ἔχει
1373 1936 1502 1992 τάδε

429 2018 646 2092 Κάλχας
666 2018 966 2087 Ὀδυσσεὺς
992 2021 1289 2088 Μενέλεώς
1314 2019 1397 2078 θ’.
1436 2018 1470 2077 ἃ
1495 2019 1548 2078 δ’
1578 2018 1644 2077 οὐ
1670 2028 1849 2086 καλῶς

431 2112 610 2177 ἔγνων
633 2103 767 2177 τότ’,
793 2099 962 2173 αὖθις
985 2106 1318 2180 μεταγράφω
1345 2113 1523 2172 καλῶς
1549 2106 1715 2162 πάλιν

432 2197 507 2254 εἰς
533 2189 698 2263 τήνδε
725 2194 947 2263 δέλτον,
974 2190 1045 2264 ἣν
1070 2190 1190 2249 κατ’
1222 2189 1505 2264 εὐφρόνης
1537 2191 1698 2246 σκιὰν

429 2274 634 2331 λύοντα
658 2278 750 2333 καὶ
776 2278 1093 2334 συνδοῦντά
1116 2276 1174 2350 μ’
1205 2281 1459 2348 εἰσεῖδες,
1485 2279 1668 2348 γέρον.
1814 2293 1893 2334 110

429 2356 540 2415 ἀλλ’
571 2360 653 2416 εἷα
677 2362 842 2433 χώρει
869 2361 1025 2420 τάσδ’
1054 2361 1340 2428 ἐπιστολὰς
1365 2360 1553 2434 λαβών

426 2441 563 2515 πρὸς
584 2442 802 2518 ’Ἄργος
831 2443 864 2503 οἳ
891 2449 951 2504 δὲ
975 2451 1215 2505 κέκευθε
1241 2450 1427 2512 δέλτος
1453 2451 1513 2504 ἐν
1537 2460 1783 2518 πτυχαῖς,

425 2528 573 2605 λόγῳ
601 2531 796 2602 φράσω
824 2551 908 2588 σοι
936 2533 1115 2590 πάντα
1139 2531 1623 2606 τάγγεγραμμένα·

424 2614 611 2680 πιστὸς
635 2615 738 2687 γὰρ
765 2613 943 2691 ἀλόχῳ
968 2631 1079 2684 τοῖς
1106 2616 1155 2674 τ’
1186 2623 1332 2689 ἐμοῖς
1358 2617 1608 2688 δόμοισιν
1633 2615 1696 2672 εἷ.

232 2705 337 2755 ΠΡ.
419 2701 542 2771 λέγε
567 2703 655 2756 καὶ
684 2698 926 2773 σήμαιν’,
958 2707 1048 2757 ἵνα
1075 2705 1165 2758 καὶ
1193 2702 1412 2776 γλώσσῃ
1805 2717 1884 2761 117

424 2783 663 2841 σύντονα
689 2799 800 2851 τοῖς
826 2799 941 2851 σοῖς
965 2786 1279 2858 γράμμασιν
1304 2784 1476 2843 αὐδῶ.
1803 2800 1882 2843 118

229 2874 392 2924 ΑΓΛ.
428 2871 620 2941 πέμπω
648 2889 731 2927 σοι
758 2869 895 2942 πρὸς
918 2884 1035 2936 ταῖς
1061 2871 1311 2944 πρόσθεν
1800 2887 1878 2928 115
