2018 3117
841 124 970 171 ΙΩΝ
1625 118 1725 169 129

404 262 645 287 22222

269 355 508 420 δοῦπον,
535 346 816 415 ἐξιόντα’
768 373 796 403 τ
845 345 951 419 η’δη
979 344 1298 448 δεσπότην’
1273 352 1411 419 ορᾶν
1434 346 1598 419 παρα.
1642 360 1724 403 516

82 436 310 499 5:011&
357 435 579 503 τέκνον,
626 430 804 505 χαῖρ’·
854 429 887 502 ἡ
933 429 1036 502 γὰρ
1085 426 1221 502 ἀρχὴ
1248 436 1346 486 τοῦ
1385 430 1553 502 λόγου
1590 432 1725 504 πρέ-

827 514 1005 571 πουσοὲ
1035 537 1142 585 μοι.

82 610 243 660 ΙΩΝ.
268 607 555 675 χαίρομεν·
592 600 661 657 σὺ
698 598 750 656 δ’
794 592 858 655 εὖ
892 597 1088 670 φρόνει
1126 622 1215 670 γε,
1256 601 1347 654 καὶ
1381 596 1474 654 δύ’
1515 594 1632 653 ὄντ’
1664 590 1727 653 εὖ

102 710 104 713 ·
831 683 1120 756 πράξομεν.

82 775 242 835 ΞΟΤ.
269 769 364 836 δὸς
386 768 544 842 χερὸς
559 768 770 841 φίλημά
792 792 883 840 μοι
898 774 994 838 σῆς
1017 766 1262 838 στόματός
1286 764 1335 822 τ’
1363 764 1728 839 ἀμφιπτυχάς.

83 862 245 912 ΙΩΝ.
276 857 339 910 εὐ
387 867 611 926 φρονεῖς
657 856 787 924 μέ;ν
826 850 861 924 ἤ
897 849 948 908 σ’
1003 857 1166 923 ἔμηνε
1205 858 1346 907 θεοῦ
1380 874 1487 922 τις,
1515 874 1555 906 ω
1591 853 1728 921 ξένε,

830 936 1035 1009 βλαβη·
1023 980 1036 1003 ,
1649 949 1731 990 520

84 1028 244 1087 ΞΟΤ.
270 1021 336 1080 οὐ
363 1029 581 1095 φρονῶ,
610 1021 675 1078 τὰ
700 1019 930 1094 φίλταθ’
969 1018 1152 1093 εὑρών
1189 1025 1239 1076 εἰ
1271 1027 1456 1092 φιλεῖν
1480 1022 1730 1090 ἐφίεμαι;

85 1115 245 1164 ΙΩΝ.
271 1113 441 1164 παῦε·
489 1106 561 1179 μὴ
598 1107 813 1173 ψαύσας
846 1105 911 1162 τὰ
945 1111 1043 1161 τοῦ
1088 1111 1229 1160 θεοῦ
1263 1107 1535 1176 στέμματα
1570 1103 1732 1176 ῥήξῃς

831 1196 965 1262 χερί.

84 1281 245 1340 ΞΟΤ.
273 1274 502 1347 ἅψομαι·
530 1273 632 1332 κού
659 1276 921 1346 ῥυσιάζω,
946 1272 1087 1345 τάμὰ
1110 1270 1164 1329 δ’
1195 1271 1431 1346 εὑρίσκω
1457 1280 1608 1346 φίλα.

87 1369 246 1417 ΙῼΝ.
273 1358 374 1416 οὐκ
399 1357 709 1430 ἀπαλλάξει,
727 1361 858 1431 πρὶν
885 1367 1011 1414 εἴσω
1025 1358 1149 1424 τόξα
1164 1356 1496 1429 πλευμόνων
1509 1364 1733 1429 λαβεῖν;

85 1450 246 1510 ΞΟΥ.
274 1443 346 1510 ὡς
369 1451 426 1500 τί
466 1443 533 1515 δὴ
570 1444 796 1515 φεύγεις
842 1466 907 1514 με
953 1448 1160 1498 σαυτοῦ
1196 1448 1469 1513 γνωρίσας
1501 1440 1567 1497 τὰ
1603 1448 1728 1514 φίλ-

834 1551 963 1582 τατα
980 1553 993 1593 3
1652 1539 1736 1581 525

86 1620 246 1669 153N.
273 1610 341 1668 οὗ
367 1618 510 1683 φιλῶ
538 1618 763 1684 φρενῶν
798 1610 1060 1682 ἀμοίρους
1085 1612 1176 1666 καὶ
1200 1610 1505 1681 μεμηνότας
1528 1610 1733 1676 ξένους.

86 1702 247 1760 ΞΟΤ.
273 1710 452 1753 κτεῖνε
479 1698 571 1753 καὶ
596 1702 807 1767 πίμπρη
826 1715 836 1724 ·
873 1693 1075 1766 πατρὸς
1109 1694 1240 1767 γάρ,
1267 1691 1337 1766 ἢν
1362 1694 1588 1766 κτάνῃς,
1626 1699 1737 1750 ἔσει

841 1778 1065 1852 φονεύς.

87 1873 248 1922 ΙῼΝ.
275 1873 382 1922 ποῦ
407 1867 473 1922 δέ
490 1888 580 1936 μοι
605 1863 779 1936 πατὴρ
806 1864 903 1929 σύ;
930 1860 1084 1919 ταῦτ’
1112 1855 1215 1919 οὖν
1242 1860 1308 1919 οὐ
1332 1865 1503 1934 γέλως
1546 1861 1736 1918 κλύειν

839 1952 960 2019 ἐμοί
974 1973 988 2014 3

89 2039 249 2097 ΞΟΥ.
275 2031 366 2089 οὔ·
393 2031 646 2106 τρέχωνὸ
670 2039 851 2104 μῦθος
877 2030 946 2088 ἄν
970 2051 1056 2088 σοι
1078 2029 1220 2103 τάμὰ
1245 2032 1539 2103 σημήνειεν
1566 2029 1650 2086 ἄν.

89 2126 250 2175 ΙΩΝ.
278 2121 369 2175 καὶ
402 2125 459 2174 τί
488 2141 579 2190 μοι
612 2120 810 2185 λέξεις;
857 2120 1018 2178 ΞΟΤ.
1058 2115 1234 2188 πατὴρ
1273 2117 1364 2181 σός
1402 2122 1509 2188 εἰμι
1542 2116 1635 2170 καὶ
1670 2132 1734 2170 συ

837 2214 962 2265 παῖς
991 2200 1130 2272 ἐμός.
1656 2213 1741 2255 530

87 2294 250 2344 ΙῼΝ.
275 2293 356 2353 τίς
379 2289 525 2358 λέγει
548 2285 670 2344 τάδ’
691 2313 703 2354 ;
741 2291 902 2349 ΞΟΤ.
943 2283 1000 2350 ὅς
1025 2283 1076 2341 σ’
1107 2291 1348 2358 ἔθρεψεν
1385 2281 1518 2339 ὅντα
1543 2286 1741 2351 Λοξίας

841 2371 989 2443 ἐμόν.

98 2463 253 2512 ῙΩΝ.
280 2469 574 2529 μαρτυρεῖς
599 2463 799 2531 σαυτῷ.
825 2459 988 2518 ΞΟΥ.
1013 2453 1079 2509 τὰ
1102 2459 1202 2509 τοῦ
1227 2458 1367 2508 θεοῦ
1394 2449 1446 2523 γ’
1480 2450 1741 2523 ἐκμαθών

839 2538 1153 2611 χρηστήρια·

93 2633 254 2683 ΙῼΝ.
283 2624 519 2696 ἐσφάλης
566 2623 775 2696 αἴνιγμ’
817 2623 1073 2688 ἀκούσας.
1122 2627 1284 2685 ΞΟΥ.
1337 2620 1439 2678 οὐκ
1473 2618 1562 2692 ἄρ’
1606 2615 1738 2690 ὄρθ’

850 2707 1156 2779 ἄκουόμενς

95 2801 256 2850 ΙῼΝ.
282 2791 310 2850 ὃ
337 2793 396 2849 δὲ
422 2794 582 2865 λόγος
607 2800 689 2859 τίς
724 2797 835 2849 ἐστι
863 2799 1103 2864 Φοίβου;
1139 2796 1300 2855 ΞΟΤ.
1338 2789 1434 2846 τὸν
1469 2785 1741 2858 συναντήα

854 2876 1023 2932 σαντα
1043 2899 1137 2949 μοι

222 2964 369 2993 Evam.
405 2964 505 2994 vor„
541 2951 592 2993 11.
1413 2955 1446 3000 9
