2018 3117
255 0 527 56 Umnaf-adu

861 106 996 153 IszN
1659 105 1755 156 125

292 244 469 310 ἄλλως
494 247 589 316 ἕδη
616 250 642 272 ’⁸‘
665 250 768 317 χρῇ
791 240 933 314 τάδ’,
962 250 1013 299 εἰ
1033 241 1168 315 πρὸς
1192 248 1291 299 τοῦ
1317 249 1461 299 θεοῦ
1673 258 1759 301 390

212 393 218 397 ἢ
294 328 662 399 κωλυόμεσθα
685 328 757 400 μὴ
783 337 988 400 μαθεῖν
1013 324 1046 382 ἃ
1070 327 1358 398 βούλομαι.

293 410 412 468 ἀλλ’
443 405 486 468 ῶ
509 409 640 483 ξέν’,
669 418 862 484 εἰσορῶ
887 410 990 484 γὰρ
1018 409 1218 484 εὐγενῆ
1246 411 1410 468 πόσιν

285 502 510 560 Ξοῦθον
534 499 698 562 πέλας
722 495 789 568 δὴ
813 495 975 551 τόνδε
999 495 1093 561 τὰς
1126 502 1455 568 Τροφωνίου

291 581 520 638 λιπόντα
547 582 798 652 θαλάμας
814 624 828 651 ,
855 579 984 645 τοὺς
1008 582 1367 652 λελεγμένους
1390 579 1590 651 λόγους

292 673 418 738 σίγα
443 665 578 737 πρὸς
606 663 800 738 ἄνδρα,
826 664 901 736 μή
923 662 1029 720 τιν’
1057 663 1327 736 αἰσχύνην
1351 663 1501 734 λάβω
1675 678 1758 722 395

295 756 629 807 διακονοῦσα
654 750 895 822 κρυπτά,
922 746 1138 822 καποβῇ
1163 747 1324 819 λόγος

293 832 393 906 οὐχ
419 827 558 908 ᾗπερ
564 832 744 932 υὴμεῖς
768 831 941 890 αὐτὸν
967 837 1430 908 &W
1610 821 1663 881 s(

295 943 360 975 τα
384 918 488 991 γὰρ
513 905 799 991 γυναικῶν
826 924 1066 991 δυσχερῆ
1092 916 1227 990 πρὸς
1252 915 1503 989 άρσενας,

272 918 460 1105 Χκᾶν
421 1016 537 1069 ταῖς
559 1016 815 1060 κακαῖσιν
843 1001 1050 1076 αγαθαὶ
1075 1004 1399 1075 μεμιγμέναι

295 1086 624 1161 μισούμεθ’·
651 1111 795 1144 ουτω
823 1093 1109 1159 δυστυχεῖς
1134 1087 1479 1160 πεφύκαμεν.
1675 1100 1760 1142 400

107 1178 266 1233 ΞΟΥ.
294 1178 513 1245 πρῶτον
536 1197 637 1245 μεν
662 1170 689 1229 ὁ
715 1171 849 1238 θεὸς
872 1179 984 1229 τῶν
1009 1177 1154 1245 ἐμῶν
1178 1169 1664 1244 προσφθεγμάτων

296 1256 485 1329 λαβῶν
510 1255 755 1329 ἀπαρχάς
778 1261 1037 1329 χαιρέτω,
1064 1257 1135 1313 σύ
1158 1253 1209 1312 τ’
1216 1258 1296 1327 ,ῶ
1324 1255 1507 1326 γύναι.

298 1348 418 1414 μῶν
445 1342 661 1413 χρόνιος
687 1346 743 1398 έλ
746 1342 871 1398 θῶν
894 1339 948 1397 σ’
977 1339 1219 1412 εξέπληξ’
1249 1338 1526 1413 ὄρρωδια·
1513 1365 1526 1407 ;

108 1435 217 1484 KP.
299 1424 467 1483 οὐδέν
491 1423 545 1498 γ’
565 1445 575 1455 ·
606 1424 895 1501 ἀφίΏτ-ζῖ
925 1432 1001 1497 εἰς
1025 1429 1310 1498 gng.
1321 1394 1479 1480 ἄλλά
1499 1448 1591 1495 μοι
1787 1417 1810 1478 Χ
1831 1406 1849 1464 K

298 1514 480 1581 λέξον,
507 1517 565 1565 τί
584 1509 845 1582 θέσπισμ’
874 1514 932 1567 ἐκ
965 1516 1296 1583 Τροφωνίου
1322 1511 1524 1580 φέρεις,
1677 1523 1761 1566 405

300 1600 517 1651 παίδων
544 1591 690 1660 ὅπως
717 1602 834 1670 νῷν
859 1598 1070 1667 σπέρμα
1094 1593 1569 1665 συγκραθήσεται;

107 1686 267 1745 ΞΟΤ.
296 1678 398 1736 οὐκ
424 1676 621 1750 ἠξίωσε
645 1685 743 1735 τοῦ
768 1685 908 1735 θεοῦ
934 1679 1355 1756 προλαμβάιζεέν,
1789 1666 1846 1744 ‘fl

297 1761 645 1838 μαντεύμαθ’
664 1782 675 1792 ·
704 1761 765 1820 ἓν
793 1762 846 1820 δ’
878 1765 983 1820 οῦν
1009 1763 1188 1834 εἶπεν,
1215 1759 1318 1819 οῦκ
1343 1759 1548 1817 ἄπαιδά
1571 1785 1637 1833 με

297 1847 434 1921 πρὸς
459 1848 613 1904 οἷκον
636 1845 789 1921 ἥξειν
812 1846 943 1904 οὐδὲ
970 1845 1021 1904 σ’
1050 1852 1108 1904 ἐκ
1130 1853 1492 1920 χρηστηρίων.

109 1942 219 1992 ΚΡ.
303 1927 345 1989 ῶ
371 1933 566 1990 πότνια
595 1940 807 2006 Φοίβου
833 1938 1030 2005 μῆτερ,
1058 1939 1108 1988 εἰ
1129 1932 1233 2004 γὰρ
1260 1938 1450 1995 αἰσίως
1686 1945 1764 1987 410

302 2025 591 2089 ἔλθοιμεν,
622 2015 656 2073 ἅ
679 2042 736 2074 τε
760 2024 875 2093 νῷν
901 2017 1209 2090 συμβόλαια
1234 2016 1484 2089 πρόσθεν
1505 2009 1577 2088 ἦν
1696 2036 1743 2109 Η

302 2106 356 2168 ἐς
380 2107 548 2159 παῖδα
566 2101 664 2158 τὸν
688 2101 814 2173 σόν,
840 2105 1132 2174 μεταπέσοι
1155 2107 1427 2174 βελτίονα.

110 2192 203 2252 ΞΟ
215 2196 271 2243 Τ.
304 2194 451 2243 ἔσται
475 2185 596 2243 τάδ’
616 2207 626 2216 ·
654 2185 791 2243 ἀλλὰ
816 2193 897 2252 τίς
921 2187 1258 2260 προφητεύει
1281 2190 1451 2253 θεοῦς

111 2279 272 2330 ῙΩΝ.
297 2269 452 2345 ἡμεῖς
475 2271 541 2328 τά
565 2270 618 2343 γ’
650 2275 747 2339 ἔξω
765 2315 779 2343 ,
806 2278 918 2328 τῶν
943 2277 1047 2328 ἔσω
1074 2269 1127 2328 δ’
1157 2269 1341 2335 ἄλλοις
1365 2271 1532 2341 μέλει,

301 2363 357 2412 οἳ
377 2363 610 2429 πλησίον
634 2357 907 2412 θάσσουσι
931 2361 1188 2428 τρίποδος
1204 2399 1218 2427 ,
1245 2348 1288 2410 ῶ
1312 2357 1447 2424 ξένε,
1686 2368 1766 2411 415

302 2447 547 2513 Δελφῶν
575 2438 823 2512 ἀριστῆς,
852 2437 948 2505 οῦς
976 2441 1288 2512 ἐκλήρωσεν
1311 2438 1494 2504 πάλος.

113 2531 275 2590 ΞΟΊἿ.
304 2531 508 2590 καλῶς·
538 2531 640 2596 ἔχω
669 2525 734 2598 δὴ
763 2522 940 2580 πάνθ’
973 2522 1120 2580 ὅσων
1145 2523 1452 2598 ἐχρῄζομεν.

306 2607 564 2681 στείχοιμ’
592 2606 662 2665 ἂν
689 2619 842 2667 εἴσω·
870 2611 962 2665 καὶ
988 2608 1110 2680 γάρ,
1139 2607 1211 2674 ῶς
1234 2606 1339 2680 ε’γῶ
1365 2606 1535 2679 κλύω,

305 2694 632 2767 χρηστήριον
654 2698 903 2751 πέπτωκε
926 2707 1038 2758 τοῖς
1063 2694 1293 2766 ἐπήλυσι

234 2740 253 2837 x
308 2776 500 2834 κοινὸν
529 2776 634 2849 πρὸ
659 2785 825 2835 ναοῦ·
853 2778 1121 2850 βούλομαι
1145 2775 1197 2834 δ’
1225 2782 1284 2833 ἐν
1307 2775 1482 2850 ἡμέρα
1686 2788 1768 2830 420

307 2860 450 2936 τῇδ’,
476 2867 626 2918 αἰσία
650 2863 783 2937 γάρ,
808 2869 949 2919 θεοῦ
974 2870 1166 2936 λαβεῖν
1188 2861 1554 2934 μαντεύματα.
