2018 3117
776 86 947 135 ΟΡΕΣ
952 85 1090 131 ΤΗΣ
1631 75 1730 125 299

284 239 472 305 ἕτερον
497 236 571 295 εἰς
601 224 792 301 ἀγῶν’,
821 229 1007 296 ἕτερον
1032 246 1102 278 αυ
1132 225 1295 292 δομος

284 315 527 390 φοβερὸν
556 312 697 386 ἀμφὶ
719 309 846 374 τοὺς
864 307 1140 379 Ἀτρείδας
1163 310 1356 360 πίτνει.

98 411 312 464 HMIX.
338 408 395 457 τί
414 406 658 471 δρωμεν;
684 394 1032 466 ἀγγέλλωμεν
1058 395 1132 454 είς
1156 388 1316 444 πόλιν
1341 384 1497 440 τάδε·
1485 427 1498 452 ,

285 483 321 558 ἢ
347 481 456 556 σῖγ’
492 490 725 553 ε”χωμενς
751 485 830 533 Η
821 482 970 531 ΜΙΧ
997 471 1609 544 ἀσφαλέστερον,φίλαι.
1627 480 1734 522 1540

98 578 313 631 HMIX.
345 575 428 625 ῑδε
457 565 560 639 πρὸ
587 562 853 634 δωμάτων
878 564 962 614 ἴδε
987 555 1360 628 προκηρύσσει

288 654 505 720 θοάζων
530 647 612 706 ὅδ’
646 647 868 716 αἰθέρος
891 641 1005 697 άνω
1031 639 1251 703 καπνός.

97 746 315 796 ΗΜΙΧ.
343 735 571 792 ἅπτουσι
595 730 799 792 πεύκας
824 749 895 790 ως
921 723 1268 797 πυρώσοντες
1298 720 1500 790 δόμους

287 819 413 884 τοὺς
444 820 832 881 Τανταλείους,
858 805 981 865 οὐδ’
1013 805 1338 878 ἀφίστανται
1363 803 1557 873 φόνου.

101 914 215 965 ΧΟ.
283 908 432 968 τέλος
456 908 563 971 έχει
589 904 800 968 δαίμων
824 900 1057 966 βροτοῖς,
1628 895 1736 939 1545

288 991 438 1051 τέλος
462 983 568 1058 ὅπα
592 984 761 1038 θέλει.

289 1070 494 1144 μεγάλα
519 1070 582 1123 δέ
607 1089 684 1131 τις
709 1088 742 1120 α
769 1062 1026 1131 δύναμις·
1054 1054 1128 1112 δι’
1157 1051 1411 1125 ἀλάστορ’

293 1151 439 1212 ε’πεσ’
470 1159 627 1208 έπεσε
650 1152 898 1220 μέλαθρα
928 1143 1057 1198 τάδε
1081 1138 1156 1196 δι’
1185 1139 1428 1210 αιμάτων

293 1238 383 1296 διὰ
405 1236 463 1294 τὸ
493 1240 788 1307 Μυρτίλου
814 1224 1007 1299 πέσημ’
1037 1229 1094 1281 ἐκ
1121 1229 1342 1295 δίφρου.

295 1321 431 1380 ἀλλά
479 1319 587 1391 μὴν
632 1318 724 1373 καὶ
769 1314 930 1370 τόνδε
964 1308 1177 1365 λεύσσω
1216 1308 1516 1362 Μενέλεων
1558 1301 1743 1374 δόμωι

849 1399 1013 1459 πέλας

289 1484 907 1563 [ὀξύπουν,ᾑσθημένον
931 1501 1038 1534 που
1063 1475 1162 1548 τὴν
1187 1475 1355 1545 τύχην
1378 1474 1413 1542 ἢ
1430 1477 1536 1525 νῦν
1556 1471 1747 1538 πάρα1.

296 1570 478 1631 οὐκέτ’
507 1568 575 1627 ἀν
601 1568 870 1641 φθάνοιτε
896 1569 1112 1635 κλῇθρα
1150 1562 1614 1630 συμπεραίνοντες
1647 1575 1746 1624 μο-

859 1655 1022 1720 χλοῖς,
1638 1651 1744 1692 1551

301 1766 342 1798 ω
368 1739 503 1797 κατὰ
527 1740 715 1809 στέγας
748 1733 1033 1805 Ἀτρειδαι.
1073 1726 1258 1785 δεινὸν
1284 1723 1529 1795 εὐτυχων
1554 1719 1691 1791 ἀνηρ

300 1825 436 1897 πρὸς
463 1845 642 1887 κακως
667 1815 1105 1892 πράσσοντας,ως
1126 1830 1195 1867 συ
1216 1817 1340 1879 νῦν,
1358 1809 1596 1877 Ὀρέστα,
1618 1806 1742 1857 δυσ

862 1912 1057 1972 τυχεις.

115 2003 240 2054 ΜΕ.
295 1991 408 2064 ἥκω
434 1992 617 2047 κλύων
644 2012 708 2044 τα
738 1984 894 2043 δεινὰ
917 2008 1010 2040 και
1034 1980 1333 2054 δραστήρια

301 2083 514 2133 δισσοιν
536 2073 805 2130 λεόντοιν
833 2067 898 2126 οὐ
925 2067 1028 2140 γὰρ
1060 2062 1218 2137 άνδρ’
1254 2060 1400 2118 αὗτω
1428 2065 1593 2116 καλω.
1641 2071 1750 2112 1555

301 2159 514 2234 ἤκουσα
537 2159 639 2230 γάρ
669 2155 736 2227 δὴ
765 2153 868 2228 τὴν
898 2151 1032 2225 ἐμὴν
1061 2148 1334 2220 ξυνάορον

305 2243 375 2311 ὡς
398 2241 464 2300 οὐ
488 2246 784 2312 τέθνηκεν,
816 2235 936 2294 ἀλλ’
965 2234 1204 2308 ἄφαντος
1228 2241 1445 2303 οἴχεται,

303 2327 472 2399 κενὴν
495 2325 733 2391 ἀκούσας
757 2324 940 2396 βάξιν,
969 2318 1039 2393 ἢν
1061 2318 1218 2392 φόβω
1242 2315 1469 2387 σφαλεὶς

306 2410 529 2484 ἤγγειλέ
550 2416 649 2483 μοί
667 2433 763 2474 τις.
794 2405 929 2463 ἀλλά
955 2410 1053 2460 τοῦ
1079 2399 1453 2474 μητροκτόνου

305 2491 614 2567 τεχνάσματ’
644 2495 755 2549 ἐστὶ
779 2496 948 2547 ταῦτα
972 2489 1064 2543 καὶ
1091 2483 1260 2549 πολυς
1284 2487 1468 2555 γέλως.
1644 2489 1752 2532 1560

309 2578 568 2649 ἀνοιγέτω
595 2601 675 2642 τις
699 2582 878 2647 δωμα·
904 2570 1233 2643 προσπόλοις
1258 2570 1397 2638 λέγω

309 2661 482 2720 ωθειν
506 2662 680 2725 πύλας
703 2655 880 2728 τάσδ’,
911 2680 982 2721 ως
1007 2651 1076 2710 ἂν
1101 2651 1236 2709 ἀλλὰ
1259 2648 1412 2707 παῖδ’
1441 2646 1576 2719 ἐμὴν

309 2742 590 2820 ρυσώμεθ’
619 2742 840 2817 ἀνδρων
864 2745 921 2797 ἐκ
950 2761 1126 2810 χερων
1149 2735 1461 2839 μιαιφόνων

307 2833 399 2888 καὶ
426 2828 528 2901 τὴν
551 2828 811 2883 τάλαιναν
837 2823 1040 2882 ἀθλίαν
1064 2817 1291 2893 δάμαρτ’
1319 2816 1454 2889 ε’μὴν
