2018 3117
230 102 333 153 252

236 1014 354 1064 HA.

245 2204 359 2254 XO.

248 2372 365 2423 HA.

243 2459 361 2508 XO.

247 2544 371 2595 HA.

250 2714 363 2762 XO.

899 98 1216 146 ΟΡΕΣΤΗΣ

415 240 603 312 Ελένη
629 236 681 295 σ’
712 236 925 308 ἀδελφὴ
950 241 1138 292 ταῖσδε
1164 241 1421 307 δωρεῖται
1443 249 1611 308 χοαῖς,

426 333 586 399 φοβω
613 329 949 396 προσελθεῖν
974 327 1159 392 μνῆμα
1180 321 1305 391 σόν,
1332 323 1613 393 ταρβοῦσά
1637 347 1695 380 τε

419 420 672 483 Αργεῖον
698 405 878 479 όχλον.
907 404 1111 477 εὐμενῆ
1138 403 1191 461 δ’
1222 403 1406 476 ἄνωγέ
1426 429 1517 461 νιν

427 500 552 567 ἐμοί
569 517 628 549 τε
653 494 746 549 καὶ
771 493 860 548 σοι
885 493 978 547 καὶ
1004 490 1162 546 πόσει
1187 490 1415 561 γνώμην
1443 496 1587 561 ἔχειν

428 593 544 636 τοῖν
571 576 618 635 τ’
650 575 876 634 ἀθλίοιν
900 573 1075 632 τοῖνδ’
1107 571 1204 643 οὓς
1230 572 1515 631 ἀπώλεσεν
1539 574 1689 640 θεός.

424 662 458 721 ἃ
484 662 535 721 δ’
567 668 642 729 εἰς
667 661 919 735 ἀδελφὴν
942 659 1132 734 καιρὸς
1159 663 1416 716 ἐκπονεῖν
1441 658 1592 733 ἐμήν,

425 745 640 806 ἅπανθ’
669 746 941 819 ὑπισχνοῦ
965 748 1243 818 νερτέρων
1270 744 1582 819 δωρήματα.

427 832 511 891 ἰθ’
544 836 584 890 ὠ
611 835 806 890 τέκνον
833 856 950 905 μοι,
980 836 1187 887 σπεῦδε
1213 833 1305 886 καὶ
1329 829 1459 935 χοὰς
1482 830 1640 905 τάφῳ

429 916 590 976 δοῦσ’
622 916 694 985 ὠς
718 918 941 989 τάχιστα
967 923 1060 988 τῆς
1086 916 1252 972 πάλιν
1276 913 1509 988 με’μνησ’
1541 914 1692 972 ὁδοῦ.

429 1007 470 1061 ὦ
500 1004 694 1076 φύσις,
723 1007 782 1059 ἐν
808 1000 1194 1072 ἀνθρώποισιν
1219 998 1290 1066 ὡς
1315 998 1436 1072 μέγ’
1468 1024 1514 1056 ει
1543 999 1732 1070 κακόν,

425 1088 699 1161 σωτήριόν
722 1112 780 1144 τε
805 1100 917 1152 τοῖς
942 1093 1121 1151 καλῶς
1145 1088 1512 1157 κεκτημένοις.

430 1180 603 1231 εἴδετε
628 1171 760 1245 παρ’
791 1171 961 1246 ἄκρας
988 1169 1060 1236 ὡς
1088 1169 1393 1242 ἀπέθρισεν
1417 1177 1621 1241 τρίχας,

427 1259 674 1328 σωζουσα
699 1258 926 1324 κάλλος;
954 1263 1069 1313 ἔστι
1097 1260 1130 1311 δ
1137 1253 1149 1273 ’
1180 1253 1212 1328 ἡ
1238 1256 1400 1312 πάλαι
1428 1255 1587 1327 γυνή.

426 1349 560 1401 θεοί
579 1362 640 1401 σε
665 1343 983 1415 μισήσειαν,
1011 1339 1083 1406 ὥς
1108 1339 1165 1412 μ’
1196 1339 1482 1406 ἀπώλεσας

429 1431 522 1485 καὶ
545 1429 708 1486 τόνδε
733 1427 914 1484 πᾶσάν
941 1424 1003 1483 θ’
1026 1423 1261 1482 EMccd’.
1291 1428 1332 1482 ὠ
1366 1424 1580 1482 τάλαιν’
1612 1427 1734 1499 ἐγώ.

431 1512 543 1572 αι”δ
575 1507 648 1571 αὖ
673 1513 894 1586 πάρεισι
918 1526 1031 1577 τοις
1057 1515 1204 1583 ε’μοις
1229 1511 1547 1584 θρηνημασι

432 1606 592 1673 φίλαι
618 1603 882 1674 ξυνῳδοί·
911 1622 1045 1701 ταχα
1069 1594 1462 1669 μεταστήσουσ
1493 1594 1677 1652 ύπνου

431 1683 583 1742 τόνδ’
611 1681 958 1756 ἡσυχάζοντ’,
986 1681 1132 1754 όμμα
1158 1679 1209 1737 δ
1240 1679 1526 1752 ἐκτήξονσ’
1557 1680 1690 1753 ἐμὸν

433 1770 725 1842 δακρύοις,
753 1767 1002 1840 αδελφὸν
1027 1765 1161 1824 ὅταν
1186 1764 1298 1839 ὁρῶ
1324 1766 1617 1838 μεμηνότα.

433 1857 475 1911 ὦ
503 1862 762 1927 φίλταται
787 1867 1075 1926 γυναικες,
1113 1850 1299 1926 ἡσύχῳ
1327 1853 1456 1907 ποδὶ

429 1955 683 2012 χωρεῖτε,
710 1938 782 2011 μὴ
809 1952 1068 2011 ψοφειτε,
1096 1935 1224 2009 μηδ’
1257 1943 1393 1993 ἔστω
1420 1936 1642 2002 κτύπος.

431 2032 591 2098 φιλία
616 2023 721 2097 γὰρ
746 2022 779 2096 ἡ
806 2023 873 2096 σὴ
901 2021 1214 2097 πρευμενὴς
1238 2025 1357 2094 μέν,
1385 2019 1507 2077 ἀλλ’
1538 2023 1657 2093 ἐμοὶ

431 2108 586 2166 τόνδ’
617 2113 885 2181 ἐξεγεῖραι
904 2107 1167 2181 συμφορὰ
1192 2107 1497 2179 γενήσεται.

430 2209 556 2267 σῖγα
580 2207 733 2266 σῖγα,
760 2192 961 2250 λεπτὸν
985 2203 1134 2265 ἴχνος
1160 2190 1404 2265 ἀρβύλης
1621 2211 1736 2261 οτρ.

434 2287 648 2349 τίθετε,
676 2278 749 2350 μὴ
775 2276 1042 2335 κτυπεῖτ’,

435 2363 651 2438 ἀποπρὸ
677 2361 802 2436 βᾶτ’
834 2361 1022 2434 ἐκεῖσ’,
1049 2359 1265 2433 ἀποπρό
1290 2385 1383 2433 μοι
1409 2367 1593 2426 κοίτας

433 2451 576 2521 ἰδού,
610 2455 891 2521 πείθομαι.

434 2532 469 2592 ἆ
495 2540 528 2591 ἀ
550 2537 812 2606 σύριγγος
832 2556 979 2599 οπως
999 2530 1142 2588 πνοά
1170 2535 1378 2584 λεπτοῦ

433 2620 696 2687 δόνακος,
724 2639 766 2671 ω
796 2621 959 2686 φίλα,
989 2619 1166 2719 φώνει
1190 2637 1299 2687 μοι.

435 2702 513 2761 ἰ”δ
520 2701 858 2775 ,ἀτρεμαῖον
889 2726 960 2767 ως
984 2700 1275 2774 ὑπόροφον
1302 2702 1453 2772 φέρω

440 2788 595 2861 βοάν.
621 2794 744 2843 HA.
777 2789 871 2843 ναὶ
896 2784 1071 2852 οὕτως

768 2889 850 2932 140
867 2909 926 2916 —-
947 2890 1026 2931 151
1047 2903 1119 2925 =
1140 2887 1221 2931 152
1241 2908 1298 2914 -
1316 2886 1398 2929 165

1820 506 1899 548 120

1822 930 1901 971 125

1825 1356 1906 1399 130

1827 1780 1904 1825 135

1831 2204 1909 2247 140

1827 2542 1909 2585 145
