2018 3117
223 100 325 150 244

375 245 407 314 ἡ
444 246 543 314 μὲν
582 244 757 313 σκηνὴ
797 248 894 298 τοῦ
920 241 1189 314 δράματος
1216 239 1502 300 ὑπόκειται
1527 241 1812 315 ἐνἈργει·

226 324 253 382 ὁ
282 327 343 382 δὲ
366 325 526 398 χορὸς
551 328 885 398 συνέστηκεν
910 331 967 383 ἐκ
994 331 1276 397 γυναικῶν
1294 324 1574 399 Ἀργείων,
1590 326 1816 400 ἡλικιω-

228 416 398 466 τίδων
427 408 743 481 Ἠλέκτρας,
782 419 843 467 αἳ
872 414 963 467 καὶ
999 417 1399 483 παραγίνονται
1433 410 1573 484 ὑπὲρ
1599 419 1692 484 τῆς
1716 418 1816 468 τοῦ

221 498 480 566 Ὀρέστου
538 496 962 568 πυνθανόμεναι
1017 501 1321 567 συμφορᾶς.
1402 504 1711 568 προλογίζει
1759 496 1818 552 δὲ

181 578 502 649 ὁἨλέκτρα.
543 577 602 635 τὸ
640 579 700 635 δὲ
735 585 916 652 δρᾶμα
951 581 1341 652 κωμικωτέραν
1378 585 1487 652 ἔχει
1520 580 1620 652 τὴν
1653 605 1819 636 κατα-

231 663 493 735 στροφήν.
538 662 571 735 ἡ
607 665 668 720 δὲ
704 665 966 737 διασκευὴ
1002 671 1099 722 τοῦ
1128 663 1399 737 δράματος
1434 669 1545 721 ἐστι
1580 665 1819 736 τοιαύτη.

231 748 368 821 πρὸς
406 747 470 803 τὰ
505 755 605 804 τοῦ
633 746 1032 822 Ἀγαμέμνονος
1067 756 1318 822 βασίλεια
1353 746 1638 805 ὑπόκειται
1669 747 1822 820 Ὀρέ-

231 852 358 905 στης
382 857 607 905 καμνων
631 836 722 890 καὶ
746 841 996 906 κείμενος
1029 833 1140 891 ὑπὸ
1180 840 1376 905 μανιάς
1410 836 1498 890 ἐπὶ
1531 838 1818 904 κ2ινιδίου,

235 942 274 974 ω
302 921 731 989 προσκαθέζεται
757 920 893 1021 πρὸς
917 933 1026 985 τοις
1055 922 1218 978 ποσὶν
1239 918 1515 990 Ἠλέκτρα.
1543 924 1820 989 διαπορεῖ-

168 1024 218 1064 10
231 1027 316 1059 ται
353 1002 413 1058 δε
447 1009 504 1058 τί
533 1004 733 1076 δήποτε
758 1002 824 1060 οὐ
851 1005 986 1075 πρὸς
1009 1012 1073 1079 τῆ
1101 1010 1315 1076 κεφαλῃ
1341 1006 1651 1071 καθέζεται·
1682 1000 1823 1058 οὕτω

236 1089 297 1143 δὲ
331 1094 538 1159 μᾶλλον
564 1086 632 1144 ἂν
660 1089 839 1145 ἐδόκει
863 1089 961 1146 τὸν
989 1087 1237 1160 ἀδελφὸν
1265 1097 1544 1160 τημελεῖν,
1571 1094 1827 1159 πλησιαί-

235 1196 397 1244 τερον
425 1176 932 1245 παρακαθεζομένη.
979 1180 1160 1231 ἔοικεν
1201 1167 1303 1229 οὖν
1340 1172 1432 1229 διὰ
1466 1172 1561 1228 τὸν
1595 1172 1762 1244 χορὸν
1799 1169 1827 1228 ὁ

237 1256 461 1329 ποιητὴς
501 1258 883 1314 διασκευάσαι·
945 1259 1217 1332 διηγέρθη
1254 1257 1357 1330 γὰρ
1395 1254 1463 1313 ἂν
1501 1255 1827 1329 ὁὈρέστης,

238 1339 359 1412 ἄρτι
383 1344 475 1398 καὶ
498 1343 653 1414 μόγις
688 1348 1087 1413 καταδαρθείς,
1124 1349 1512 1415 πλησιαίτερον
1536 1339 1684 1416 αὐτῷ
1720 1347 1830 1397 τῶν

171 1447 221 1488 10
236 1450 372 1482 κατα
396 1425 491 1483 τὸν
515 1427 682 1499 χορὸν
707 1434 989 1499 γυναικών
1016 1430 1453 1500 παρισταμένων.
1480 1434 1592 1484 ἔστι
1606 1427 1667 1482 δε
1691 1424 1829 1482 ὑπο-

237 1518 433 1583 νοῆσαι
472 1519 634 1568 τοῦτο
673 1517 724 1580 εξ
763 1515 842 1570 ὠν
877 1532 1047 1584 φησιν
1076 1514 1339 1583 Ἠ2έκτρα
1365 1519 1438 1587 τῷ
1477 1530 1649 1587 χορω·
1683 1509 1832 1582 εσίγα

240 1604 394 1669 σίγα,
433 1596 633 1653 λεπτὸν
673 1607 818 1668 ἴχνος
866 1597 1140 1671 ἆρβύ2ηςῖ
1189 1597 1431 1653 πιθανὸν
1479 1599 1583 1652 οὐν
1628 1595 1832 1666 ταύτην

243 1704 381 1739 ειναι
396 1707 495 1755 την
519 1683 801 1753 πρόφασιν
825 1707 918 1754 της
941 1684 1194 1754 τοιαύτης
1219 1684 1538 1746 διαθέσεως.
1566 1679 1624 1736 τὸ
1653 1686 1833 1752 δρᾶμα

242 1792 353 1824 των
402 1770 490 1825 ἐπι
536 1774 739 1840 σκηνῆς
785 1765 1261 1840 ευδοκιμούντων,
1306 1772 1580 1837 χείριστον
1625 1765 1686 1820 δε
1722 1777 1834 1829 τοῖς

174 1873 228 1914 20
243 1850 431 1925 ἤθεσι·
459 1852 602 1924 πλὴν
627 1851 730 1925 γὰρ
755 1854 1024 1909 Πυλάδου
1058 1853 1255 1917 πάντες
1282 1857 1492 1922 φαῦλοί
1521 1856 1675 1906 εἰσιν.

479 2071 741 2121 ΘΩΜΑ
799 2069 973 2118 TOY
1012 2068 1578 2118 MAFIETPOT.

399 2217 527 2274 “Ovs
556 2217 693 2272 κατὰ
725 2217 836 2269 τῶν
868 2214 1073 2286 Τρώων
1097 2212 1129 2284 ἡ
1155 2214 1346 2278 Ἑλλὰς
1371 2212 1640 2285 ὥρμησεν,
1665 2211 1831 2282 Ἀγα-

248 2304 470 2374 μέμνων
487 2296 787 2371 στρατηγὸς
801 2298 979 2371 ᾑρέθη
997 2297 1202 2362 παντὸς
1219 2301 1317 2353 τοῦ
1338 2297 1560 2367 στόλου,
1581 2295 1675 2351 ἅτε
1692 2318 1831 2366 προ-

252 2388 390 2456 ε’χειν
419 2388 532 2441 τῶν
557 2383 739 2439 ἄλλων
765 2385 945 2438 δοκῶν
976 2380 1145 2454 ἀρχῆς
1176 2403 1232 2437 τε
1262 2382 1481 2452 μεγέθει
1510 2382 1603 2436 καὶ
1634 2377 1833 2450 πλήθει

178 2489 231 2530 *25
245 2478 407 2528 νει-ὄν·
435 2471 632 2528 ἑκατὸν
658 2472 761 2545 γαρ
786 2479 924 2538 ναῦς
950 2479 1026 2539 εἰς
1048 2472 1148 2544 τὴν
1171 2477 1268 2527 τοῦ
1289 2472 1489 2527 στόλου
1516 2473 1836 2526 συντέλειαν

251 2559 519 2628 εἰσέφερε.
566 2560 657 2612 καὶ
695 2555 753 2623 ὃς
790 2561 1004 2629 μέλλων
1039 2555 1343 2628 ἀνάγεσθαι
1379 2562 1693 2611 καταλείπει
1725 2561 1836 2610 τῶν

251 2651 394 2698 οἴκοι
441 2664 774 2712 πραγματων
810 2640 983 2698 αὐτοῦ
1023 2640 1359 2745 ἐπιμελητὴν
1394 2643 1485 2697 καὶ
1532 2660 1836 2711 προστατην

250 2735 541 2798 Αἴγισθον.
579 2729 696 2782 ἐπεὶ
731 2727 792 2782 δε
826 2726 960 2782 πολ
935 2751 997 2791 υς
1032 2725 1228 2799 ἠνύετο
1261 2726 1457 2796 χρόνος
1490 2727 1582 2781 καὶ
1609 2722 1838 2796 Ἀγαμέ-

252 2834 406 2882 μνων
442 2808 626 2866 οὐκέτ’
656 2812 896 2884 ἐπανῄει,
939 2811 1027 2867 οἱα
1056 2814 1122 2883 δὴ
1158 2817 1330 2869 πολλὰ
1366 2817 1605 2881 γίνεττῃι
1632 2814 1837 2879 συνῆλ-

184 2904 355 2951 3οθεν
379 2893 633 2967 αθέσμως
660 2905 930 2967 Αἴγισθος
954 2895 1416 2970 Κλυταιμνήστρα
1449 2919 1514 2968 τῃ
1550 2899 1648 2950 τοῦ
1678 2891 1840 2964 Ἀγα-
