2018 3117
873 89 1009 137 ΙΩΝ
1651 89 1751 142 135

303 229 591 302 πρόσειπε,
615 231 829 301 μέλλων
854 227 1094 301 Δελφίδ’
1122 233 1365 286 ἐκλιπεῖν
1390 230 1567 287 πόλιν.
1669 247 1752 289 665

301 312 432 386 ὑμῖν
455 313 516 369 δὲ
541 319 728 385 σιγᾶν,
756 318 1017 385 δμωίδες,
1042 316 1182 385 λέγω
1211 314 1358 384 τάδε,

296 394 332 470 ἢ
353 397 600 453 θάνατον
625 397 932 454 εἰπούσαισι
955 396 1090 469 πρὸς
1113 396 1345 470 δάμαρτ’
1375 398 1526 471 ἐμήν.

119 489 268 540 ὮΝ.
297 479 558 553 στείχοιμ’
586 480 679 538 ἅν·
707 478 768 537 ἓν
793 482 854 537 δὲ
882 488 976 553 τῆς
998 481 1161 553 τύχης
1185 481 1381 540 ἄπεστί
1399 503 1516 555 μοι·

115 1164 222 1213 XO.

299 573 350 622 εί
374 565 446 639 μὴ
475 565 578 639 γὰρ
605 563 720 638 ἥτις
748 563 807 637 μ’
836 572 1018 621 ἔτεκεν
1045 563 1288 638 εὑρήσω,
1315 567 1500 641 πάτερ,

300 649 538 723 ἀβίωτον
566 648 723 722 ἡμῖν·
757 655 808 705 εί
833 648 885 706 δ’
913 650 1246 718 ἐπεύξασθαι
1267 652 1461 724 χρεων,
1669 667 1755 711 670

305 739 361 792 ἐκ
390 742 501 792 τῶν
521 733 776 806 Ἀθηνῶν
800 732 858 806 μ’
887 732 920 807 ἡ
950 733 1167 791 τεκοῦσ’
1197 745 1278 807 εἰή
1305 737 1464 809 γυνή,

302 817 373 886 ω’ς·
397 843 488 892 μοι
516 822 738 919 γε’νηται
761 819 1041 892 μητρόθεν
1061 828 1381 918 Q
1562 819 1623 909 *2⁸*

298 902 550 976 καθαραν
576 903 679 976 γὰρ
704 900 773 974 ἥν
798 927 876 968 τις
902 910 976 969 εἰς
1002 902 1163 961 πόλιν
1197 908 1333 978 πέσῃ
1359 907 1524 976 ξένος,

295 1012 398 1044 καν
422 1001 532 1054 τοῖς
556 987 810 1059 νόμοισιν
835 986 993 1054 αστὸς
1017 991 1052 1062 ᾗ
1070 1033 1083 1059 ,
1111 990 1173 1046 τό
1200 1013 1262 1062 γε
1291 990 1461 1061 στόμα

296 1078 500 1129 δοῦλον
528 1076 760 1128 πέπαται
788 1070 926 1129 κούκ
946 1079 1061 1155 ἔχει
1091 1081 1416 1148 παρρησίαν.
1672 1089 1754 1133 675

296 1155 406 1229 ὁρῶ
438 1157 650 1229 δάκρυα
680 1159 771 1212 καὶ
799 1164 1107 1230 πενθίμους
1500 1179 1615 1232 στρ.

299 1240 566 1347 ἀλαλαγὰς
590 1244 974 1312 στεναγμάτων
999 1241 1049 1295 τ’
1078 1245 1342 1315 εἰσβολάς,

296 1323 428 1382 ὅταν
451 1324 550 1396 ε’μα
575 1326 749 1397 τύραν
753 1349 846 1392 νος
877 1323 1169 1382 εὐπαιδίαν

294 1411 456 1467 πόσιν
487 1408 659 1481 ἔχοντ’
694 1415 830 1483 εἰδῇ,

293 1492 430 1566 αὐτὴ
457 1492 513 1549 δ’
543 1518 704 1559 απαις
727 1496 760 1567 ᾑ
783 1497 875 1550 καὶ
899 1498 1219 1567 λελειμμένη
1247 1498 1472 1552 τέκνων.
1669 1511 1753 1555 680

293 1577 421 1650 τίν’,
449 1602 490 1633 ω
522 1592 624 1634 παῖ
646 1579 915 1650 πρόμαντι
936 1586 1195 1645 Λατοῦς’
1176 1587 1336 1653 ε’χρη-

293 1681 389 1728 σας
411 1660 727 1738 υμνωδίαν;

294 1748 473 1804 πόθεν
500 1745 527 1804 ὁ
555 1761 680 1812 παῖς
704 1745 790 1805 ὅδ’
819 1745 961 1820 ἀμφὶ
982 1747 1151 1814 ναοὺς
1176 1751 1344 1804 σέθεν

291 1832 557 1905 τρόφιμος
582 1835 762 1903 ἐξέβα,
791 1839 1073 1904 γυναικῶν
1100 1840 1277 1901 τίνος;

295 1915 362 1972 οὐ
387 1917 490 1989 γάρ
520 1939 586 1988 με
616 1923 794 1973 σαίνει
1668 1931 1751 1976 685

293 2003 574 2073 θέσφατα,
601 2025 673 2072 μη
702 2025 788 2057 τιν
846 2008 938 2075 ἔχῃ
969 2002 1151 2058 δόλον.

293 2090 555 2157 δειμαίνω
580 2084 876 2159 συμφορὰν

292 2168 382 2242 ἐφ’
410 2167 441 2227 ὅ
468 2192 599 2226 ποτε
621 2170 860 2242 βάσεται.

294 2251 490 2320 ἄτοπος
513 2252 685 2311 ἄτοπα
711 2254 815 2327 γὰρ
846 2261 1194 2327 παραδίδωσί
1215 2279 1307 2328 μοι
1668 2269 1751 2313 690

295 2339 425 2395 τάδε
453 2345 593 2395 θεοῦ
626 2339 794 2411 φήμα.

293 2429 400 2492 ἔχει
425 2423 612 2494 δόμων
634 2428 804 2494 τύχαν
825 2422 852 2479 ὅ
877 2437 999 2488 παῖς

290 2503 471 2564 ἄλλων
493 2511 718 2579 τραφεὶς
744 2511 795 2574 ἐξ
820 2507 1077 2580 αἱμάτων.

293 2596 374 2656 τίς
398 2588 466 2648 οὗ
488 2592 619 2649 τάδε
643 2597 980 2660 ξυνοίσεται;

293 2681 474 2746 φίλαι,
500 2674 686 2749 πότερ’
716 2680 817 2749 ε’μᾷ
843 2682 1107 2752 δεσποίνᾳ
1488 2674 1602 2734 ἇντ.
1663 2690 1747 2735 695

290 2758 420 2815 τάδε
446 2765 617 2832 τορῶς
645 2764 698 2826 ἐς
723 2754 819 2825 οὖς
844 2759 1247 2833 γεγωνήσομεν,

607 2860 689 2904 676
709 2882 767 2888 -
783 2860 869 2906 694
886 2877 956 2898 =
978 2860 1059 2905 695
1077 2882 1138 2889 -
1152 2860 1236 2904 713
