<?xml version="1.0" encoding="UTF-8"?>
<!DOCTYPE html PUBLIC "-//W3C//DTD XHTML 1.0 Transitional//EN"
    "http://www.w3.org/TR/xhtml1/DTD/xhtml1-transitional.dtd">
<html xmlns="http://www.w3.org/1999/xhtml" xml:lang="en" lang="en">
 <head>
  <title>
</title>
<meta http-equiv="Content-Type" content="text/html;charset=utf-8" />
  <meta name='ocr-system' content='tesseract 3.04.00' />
  <meta name='ocr-capabilities' content='ocr_page ocr_carea ocr_par ocr_line ocrx_word'/>
</head>
<body>
  <div class='ocr_page' id='page_1' title='image "./euripidistragoe02euriuoft_0214.png"; bbox 0 0 2018 3117; ppageno 0'>
   <div class='ocr_carea' id='block_1_1' title="bbox 212 105 309 156">
    <p class='ocr_par' dir='ltr' id='par_1_1' title="bbox 212 105 309 156">
     <span class='ocr_line' id='line_1_1' title="bbox 212 105 309 156; baseline 0 -1"><span class='ocrx_word' id='word_1_1' title='bbox 212 105 309 156; x_wconf 69' lang='lat'><em>164</em></span> 
     </span>
    </p>
   </div>
   <div class='ocr_carea' id='block_1_2' title="bbox 937 66 1083 154">
    <p class='ocr_par' dir='ltr' id='par_1_2' title="bbox 937 66 1083 154">
     <span class='ocr_line' id='line_1_2' title="bbox 937 66 1083 154; baseline 0.014 -2"><span class='ocrx_word' id='word_1_2' title='bbox 937 66 1083 154; x_wconf 45' lang='lat' dir='ltr'><em>‘zmv</em></span> 
     </span>
    </p>
   </div>
   <div class='ocr_carea' id='block_1_3' title="bbox 387 233 1858 936">
    <p class='ocr_par' dir='ltr' id='par_1_3' title="bbox 397 233 1669 324">
     <span class='ocr_line' id='line_1_3' title="bbox 397 233 1669 324; baseline 0.004 -34"><span class='ocrx_word' id='word_1_3' title='bbox 397 235 601 291; x_wconf 73' lang='grc' dir='ltr'><em>ἄνοσον</em></span> <span class='ocrx_word' id='word_1_4' title='bbox 617 235 836 322; x_wconf 82' lang='grc' dir='ltr'><em>λοχεύει</em></span> <span class='ocrx_word' id='word_1_5' title='bbox 858 233 912 289; x_wconf 91' lang='grc' dir='ltr'><em>σ’</em></span> <span class='ocrx_word' id='word_1_6' title='bbox 919 235 1095 305; x_wconf 78' lang='grc' dir='ltr'><em>,ω’στε</em></span> <span class='ocrx_word' id='word_1_7' title='bbox 1116 236 1187 306; x_wconf 89' lang='grc' dir='ltr'><em>μὴ</em></span> <span class='ocrx_word' id='word_1_8' title='bbox 1210 243 1419 324; x_wconf 72' lang='grc' dir='ltr'><em>γνῶναι</em></span> <span class='ocrx_word' id='word_1_9' title='bbox 1446 244 1669 308; x_wconf 83' lang='grc' dir='ltr'><em>φίλους·</em></span> 
     </span>
    </p>

    <p class='ocr_par' dir='ltr' id='par_1_4' title="bbox 396 305 1447 369">
     <span class='ocr_line' id='line_1_4' title="bbox 396 305 1447 369; baseline 0.002 -9"><span class='ocrx_word' id='word_1_10' title='bbox 396 308 509 360; x_wconf 82' lang='grc' dir='ltr'><em>ἐπεὶ</em></span> <span class='ocrx_word' id='word_1_11' title='bbox 531 305 582 360; x_wconf 81' lang='grc' dir='ltr'><em>δ’</em></span> <span class='ocrx_word' id='word_1_12' title='bbox 608 310 809 369; x_wconf 75' lang='grc' dir='ltr'><em>ἔτικτες</em></span> <span class='ocrx_word' id='word_1_13' title='bbox 827 279 990 360; x_wconf 90' lang='grc' dir='ltr'><em>τόνδε</em></span> <span class='ocrx_word' id='word_1_14' title='bbox 1011 310 1176 360; x_wconf 82' lang='grc' dir='ltr'><em>παῖδα</em></span> <span class='ocrx_word' id='word_1_15' title='bbox 1195 305 1447 362; x_wconf 79' lang='grc' dir='ltr'><em>κάπέθου</em></span> 
     </span>
    </p>

    <p class='ocr_par' dir='ltr' id='par_1_5' title="bbox 397 374 1572 459">
     <span class='ocr_line' id='line_1_5' title="bbox 397 374 1572 459; baseline 0.002 -29"><span class='ocrx_word' id='word_1_16' title='bbox 397 379 456 430; x_wconf 87' lang='grc' dir='ltr'><em>ἐν</em></span> <span class='ocrx_word' id='word_1_17' title='bbox 478 375 906 459; x_wconf 73' lang='grc' dir='ltr'><em>σπαργάνοισιν,</em></span> <span class='ocrx_word' id='word_1_18' title='bbox 929 374 1233 446; x_wconf 76' lang='grc' dir='ltr'><em>ἁρπάσαντ’</em></span> <span class='ocrx_word' id='word_1_19' title='bbox 1260 380 1313 440; x_wconf 84' lang='grc' dir='ltr'><em>ἐς</em></span> <span class='ocrx_word' id='word_1_20' title='bbox 1333 375 1572 445; x_wconf 79' lang='grc' dir='ltr'><em>ἀγκάλας</em></span> 
     </span>
    </p>

    <p class='ocr_par' dir='ltr' id='par_1_6' title="bbox 387 445 1619 534">
     <span class='ocr_line' id='line_1_6' title="bbox 387 445 1619 534; baseline 0.002 -35.013"><span class='ocrx_word' id='word_1_21' title='bbox 387 445 587 514; x_wconf 86' lang='grc' dir='ltr'><em>Ερμῆν</em></span> <span class='ocrx_word' id='word_1_22' title='bbox 606 445 820 499; x_wconf 78' lang='grc' dir='ltr'><em>κελεύει</em></span> <span class='ocrx_word' id='word_1_23' title='bbox 841 449 1006 513; x_wconf 89' lang='grc' dir='ltr'><em>δεῦρο</em></span> <span class='ocrx_word' id='word_1_24' title='bbox 1028 452 1378 534; x_wconf 74' lang='grc' dir='ltr'><em>πορθμεῦσαι</em></span> <span class='ocrx_word' id='word_1_25' title='bbox 1399 451 1619 517; x_wconf 75' lang='grc' dir='ltr'><em>βρέφος,</em></span> 
     </span>
    </p>

    <p class='ocr_par' dir='ltr' id='par_1_7' title="bbox 393 513 1858 657">
     <span class='ocr_line' id='line_1_7' title="bbox 396 513 1858 587; baseline 0.003 -19"><span class='ocrx_word' id='word_1_26' title='bbox 396 517 603 587; x_wconf 81' lang='grc' dir='ltr'><em>ἔθρεψέ</em></span> <span class='ocrx_word' id='word_1_27' title='bbox 618 537 646 569; x_wconf 93' lang='grc' dir='ltr'><em>τ</em></span> <span class='ocrx_word' id='word_1_28' title='bbox 657 513 819 569; x_wconf 84' lang='grc' dir='ltr'><em>ὀύδ</em></span> <span class='ocrx_word' id='word_1_29' title='bbox 844 522 1027 569; x_wconf 78' lang='grc' dir='ltr'><em>εἴασεν</em></span> <span class='ocrx_word' id='word_1_30' title='bbox 1047 518 1342 570; x_wconf 80' lang='grc' dir='ltr'><em>ἐκπνεῦσαι</em></span> <span class='ocrx_word' id='word_1_31' title='bbox 1365 523 1504 587; x_wconf 89' lang='grc' dir='ltr'><em>βίον.</em></span> <span class='ocrx_word' id='word_1_32' title='bbox 1746 533 1858 575; x_wconf 80' lang='grc'>1600</span> 
     </span>
     <span class='ocr_line' id='line_1_8' title="bbox 393 583 1574 673; baseline 0.002 -35"><span class='ocrx_word' id='word_1_33' title='bbox 393 591 502 639; x_wconf 88' lang='grc' dir='ltr'><em>νῦν</em></span> <span class='ocrx_word' id='word_1_34' title='bbox 523 588 626 638; x_wconf 86' lang='grc' dir='ltr'><em>οὐν</em></span> <span class='ocrx_word' id='word_1_35' title='bbox 649 586 854 654; x_wconf 74' lang='grc' dir='ltr'><em>σιώπα,</em></span> <span class='ocrx_word' id='word_1_36' title='bbox 877 597 999 649; x_wconf 84' lang='grc' dir='ltr'><em>παῖς</em></span> <span class='ocrx_word' id='word_1_37' title='bbox 1021 583 1105 639; x_wconf 88' lang='lat'><em>0&#39;5&#39;</em></span> <span class='ocrx_word' id='word_1_38' title='bbox 1133 584 1240 650; x_wconf 76' lang='grc' dir='ltr'><em>ὡς</em></span> <span class='ocrx_word' id='word_1_39' title='bbox 1226 588 1440 673; x_wconf 80' lang='grc' dir='ltr'><em>πέφυκε</em></span> <span class='ocrx_word' id='word_1_40' title='bbox 1462 586 1574 657; x_wconf 76' lang='grc' dir='ltr'><em>σός,</em></span> 
     </span>
    </p>

    <p class='ocr_par' dir='ltr' id='par_1_8' title="bbox 392 628 1340 744">
     <span class='ocr_line' id='line_1_9' title="bbox 392 628 1340 744; baseline 0 -35"><span class='ocrx_word' id='word_1_41' title='bbox 392 652 468 709; x_wconf 82' lang='grc' dir='ltr'><em>ἵν’</em></span> <span class='ocrx_word' id='word_1_42' title='bbox 494 652 534 742; x_wconf 84' lang='grc' dir='ltr'><em>ἡ</em></span> <span class='ocrx_word' id='word_1_43' title='bbox 548 655 771 742; x_wconf 44' lang='grc' dir='ltr'><em>δότιιησις</em></span> <span class='ocrx_word' id='word_1_44' title='bbox 789 628 1016 716; x_wconf 80' lang='grc' dir='ltr'><em>Ξοῦθον</em></span> <span class='ocrx_word' id='word_1_45' title='bbox 1036 654 1207 742; x_wconf 79' lang='grc' dir='ltr'><em>ἡδέως</em></span> <span class='ocrx_word' id='word_1_46' title='bbox 1229 660 1340 744; x_wconf 61' lang='grc' dir='ltr'><em>ε’χῃξ</em></span> 
     </span>
    </p>

    <p class='ocr_par' dir='ltr' id='par_1_9' title="bbox 393 723 1670 811">
     <span class='ocr_line' id='line_1_10' title="bbox 393 723 1670 811; baseline 0.001 -33"><span class='ocrx_word' id='word_1_47' title='bbox 393 725 462 778; x_wconf 87' lang='grc' dir='ltr'><em>σύ</em></span> <span class='ocrx_word' id='word_1_48' title='bbox 485 723 534 778; x_wconf 76' lang='grc' dir='ltr'><em>τ’</em></span> <span class='ocrx_word' id='word_1_49' title='bbox 559 735 629 778; x_wconf 84' lang='grc' dir='ltr'><em>αύ</em></span> <span class='ocrx_word' id='word_1_50' title='bbox 653 724 717 778; x_wconf 79' lang='grc' dir='ltr'><em>τὰ</em></span> <span class='ocrx_word' id='word_1_51' title='bbox 738 730 939 793; x_wconf 85' lang='grc' dir='ltr'><em>σαυτῆς</em></span> <span class='ocrx_word' id='word_1_52' title='bbox 960 723 1129 793; x_wconf 72' lang='grc' dir='ltr'><em>ἐγάθ’</em></span> <span class='ocrx_word' id='word_1_53' title='bbox 1155 725 1340 811; x_wconf 80' lang='grc' dir='ltr'><em>ἑχουσ’</em></span> <span class='ocrx_word' id='word_1_54' title='bbox 1365 733 1465 795; x_wconf 76' lang='grc' dir='ltr'><em>ῑῃς,</em></span> <span class='ocrx_word' id='word_1_55' title='bbox 1489 726 1670 794; x_wconf 74' lang='grc' dir='ltr'><em>γύναι.</em></span> 
     </span>
    </p>

    <p class='ocr_par' dir='ltr' id='par_1_10' title="bbox 388 794 1854 932">
     <span class='ocr_line' id='line_1_11' title="bbox 392 794 1637 863; baseline 0.001 -15"><span class='ocrx_word' id='word_1_56' title='bbox 392 797 481 848; x_wconf 81' lang='grc' dir='ltr'><em>καὶ</em></span> <span class='ocrx_word' id='word_1_57' title='bbox 501 794 733 863; x_wconf 76' lang='grc' dir='ltr'><em>χαίρετ’·</em></span> <span class='ocrx_word' id='word_1_58' title='bbox 757 817 815 848; x_wconf 82' lang='grc' dir='ltr'><em>εκ</em></span> <span class='ocrx_word' id='word_1_59' title='bbox 838 795 939 863; x_wconf 76' lang='grc' dir='ltr'><em>γὰρ</em></span> <span class='ocrx_word' id='word_1_60' title='bbox 963 794 1117 848; x_wconf 84' lang='grc' dir='ltr'><em>τοῦδ’</em></span> <span class='ocrx_word' id='word_1_61' title='bbox 1143 794 1462 863; x_wconf 66' lang='grc' dir='ltr'><em>ἀναψυχάς</em></span> <span class='ocrx_word' id='word_1_62' title='bbox 1449 796 1637 849; x_wconf 88' lang='grc' dir='ltr'><em>πόνων</em></span> 
     </span>
     <span class='ocr_line' id='line_1_12' title="bbox 388 860 1854 936; baseline 0.005 -21"><span class='ocrx_word' id='word_1_63' title='bbox 388 860 712 936; x_wconf 80' lang='grc' dir='ltr'><em>κεῦδαίμον’</em></span> <span class='ocrx_word' id='word_1_64' title='bbox 739 860 874 931; x_wconf 80' lang='grc' dir='ltr'><em>ὑμῖν</em></span> <span class='ocrx_word' id='word_1_65' title='bbox 898 864 1108 931; x_wconf 84' lang='grc' dir='ltr'><em>πότμον</em></span> <span class='ocrx_word' id='word_1_66' title='bbox 1137 865 1543 950; x_wconf 69' lang='grc' dir='ltr'><em>ἐξαγγέλλομαι.</em></span> <span class='ocrx_word' id='word_1_67' title='bbox 1745 879 1854 922; x_wconf 83' lang='grc'>1605</span> 
     </span>
    </p>
   </div>
   <div class='ocr_carea' id='block_1_4' title="bbox 211 933 1774 1008">
    <p class='ocr_par' dir='ltr' id='par_1_11' title="bbox 211 933 1774 1008">
     <span class='ocr_line' id='line_1_13' title="bbox 211 933 1774 1008; baseline -0.001 -18"><span class='ocrx_word' id='word_1_68' title='bbox 211 937 361 990; x_wconf 70' lang='grc' dir='ltr'><em>ἶΩιΝ</em></span> <span class='ocrx_word' id='word_1_69' title='bbox 393 956 434 988; x_wconf 88' lang='grc' dir='ltr'><em>ω</em></span> <span class='ocrx_word' id='word_1_70' title='bbox 454 935 592 998; x_wconf 85' lang='grc' dir='ltr'><em>Διὸς</em></span> <span class='ocrx_word' id='word_1_71' title='bbox 611 935 831 998; x_wconf 80' lang='grc' dir='ltr'><em>Παλλὰς</em></span> <span class='ocrx_word' id='word_1_72' title='bbox 852 940 1110 1004; x_wconf 76' lang='grc' dir='ltr'><em>μεγίστου</em></span> <span class='ocrx_word' id='word_1_73' title='bbox 1130 934 1404 1004; x_wconf 74' lang='grc' dir='ltr'><em>θύγατερ,</em></span> <span class='ocrx_word' id='word_1_74' title='bbox 1429 933 1531 988; x_wconf 82' lang='grc' dir='ltr'><em>οὐκ</em></span> <span class='ocrx_word' id='word_1_75' title='bbox 1553 934 1774 1008; x_wconf 80' lang='grc' dir='ltr'><em>απιστία</em></span> 
     </span>
    </p>
   </div>
   <div class='ocr_carea' id='block_1_5' title="bbox 210 1149 310 1198">
    <p class='ocr_par' dir='ltr' id='par_1_12' title="bbox 210 1149 310 1198">
     <span class='ocr_line' id='line_1_14' title="bbox 210 1149 310 1198; baseline -0.02 0"><span class='ocrx_word' id='word_1_76' title='bbox 210 1149 310 1198; x_wconf 82' lang='grc' dir='ltr'><em>ΚΡ.</em></span> 
     </span>
    </p>
   </div>
   <div class='ocr_carea' id='block_1_6' title="bbox 204 1501 315 1550">
    <p class='ocr_par' dir='ltr' id='par_1_13' title="bbox 204 1501 315 1550">
     <span class='ocr_line' id='line_1_15' title="bbox 204 1501 315 1550; baseline 0 -1"><span class='ocrx_word' id='word_1_77' title='bbox 204 1501 315 1550; x_wconf 82' lang='grc' dir='ltr'><em>ΑΘ.</em></span> 
     </span>
    </p>
   </div>
   <div class='ocr_carea' id='block_1_7' title="bbox 201 1710 306 1758">
    <p class='ocr_par' dir='ltr' id='par_1_14' title="bbox 201 1710 306 1758">
     <span class='ocr_line' id='line_1_16' title="bbox 201 1710 306 1758; baseline -0.01 0"><span class='ocrx_word' id='word_1_78' title='bbox 201 1710 306 1758; x_wconf 80' lang='grc' dir='ltr'><em>ΚΡ.</em></span> 
     </span>
    </p>
   </div>
   <div class='ocr_carea' id='block_1_8' title="bbox 383 994 1855 1634">
    <p class='ocr_par' dir='ltr' id='par_1_15' title="bbox 384 994 1855 1353">
     <span class='ocr_line' id='line_1_17' title="bbox 391 994 1855 1090; baseline 0.001 -33"><span class='ocrx_word' id='word_1_79' title='bbox 391 1004 1129 1073; x_wconf 72' lang='grc' dir='ltr'><em>σοῦςλόγουςένδεξόμεσθα</em></span> <span class='ocrx_word' id='word_1_80' title='bbox 1145 1002 1472 1090; x_wconf 85' lang='grc' dir='ltr'><em>πει’θομαιδ’</em></span> <span class='ocrx_word' id='word_1_81' title='bbox 1499 1012 1637 1058; x_wconf 72' lang='grc' dir='ltr'><em>εῖιαι</em></span> <span class='ocrx_word' id='word_1_82' title='bbox 1652 994 1855 1078; x_wconf 87' lang='grc' dir='ltr'><em>πατρὸς</em></span> 
     </span>
     <span class='ocr_line' id='line_1_18' title="bbox 389 1072 1852 1158; baseline 0 -30"><span class='ocrx_word' id='word_1_83' title='bbox 389 1080 590 1139; x_wconf 79' lang='grc' dir='ltr'><em>Λοξίου</em></span> <span class='ocrx_word' id='word_1_84' title='bbox 605 1088 692 1127; x_wconf 79' lang='grc' dir='ltr'><em>και</em></span> <span class='ocrx_word' id='word_1_85' title='bbox 695 1078 895 1158; x_wconf 88' lang='grc' dir='ltr'><em>τῆσδε·</em></span> <span class='ocrx_word' id='word_1_86' title='bbox 920 1076 1008 1128; x_wconf 78' lang='grc' dir='ltr'><em>καὶ</em></span> <span class='ocrx_word' id='word_1_87' title='bbox 1021 1075 1152 1141; x_wconf 88' lang='grc' dir='ltr'><em>πριν</em></span> <span class='ocrx_word' id='word_1_88' title='bbox 1164 1095 1325 1127; x_wconf 92' lang='grc' dir='ltr'><em>τουτο</em></span> <span class='ocrx_word' id='word_1_89' title='bbox 1343 1072 1388 1128; x_wconf 82' lang='lat'><em>5’</em></span> <span class='ocrx_word' id='word_1_90' title='bbox 1405 1072 1508 1127; x_wconf 80' lang='grc' dir='ltr'><em>οὐκ</em></span> <span class='ocrx_word' id='word_1_91' title='bbox 1522 1072 1753 1128; x_wconf 73' lang='grc' dir='ltr'><em>απιστον</em></span> <span class='ocrx_word' id='word_1_92' title='bbox 1768 1079 1852 1143; x_wconf 86' lang='grc' dir='ltr'><em>ἠν.</em></span> 
     </span>
     <span class='ocr_line' id='line_1_19' title="bbox 384 1141 1849 1230; baseline 0.001 -33"><span class='ocrx_word' id='word_1_93' title='bbox 384 1144 524 1211; x_wconf 72' lang='grc' dir='ltr'><em>τάμὰ</em></span> <span class='ocrx_word' id='word_1_94' title='bbox 546 1152 651 1198; x_wconf 87' lang='grc' dir='ltr'><em>νῦν</em></span> <span class='ocrx_word' id='word_1_95' title='bbox 671 1142 809 1197; x_wconf 77' lang='grc' dir='ltr'><em>α’κου</em></span> <span class='ocrx_word' id='word_1_96' title='bbox 816 1161 939 1197; x_wconf 92' lang='grc' dir='ltr'><em>σον·</em></span> <span class='ocrx_word' id='word_1_97' title='bbox 961 1149 1094 1197; x_wconf 90' lang='grc' dir='ltr'><em>αινω</em></span> <span class='ocrx_word' id='word_1_98' title='bbox 1077 1149 1324 1230; x_wconf 84' lang='grc' dir='ltr'><em>Φοῖβον</em></span> <span class='ocrx_word' id='word_1_99' title='bbox 1333 1141 1434 1197; x_wconf 80' lang='grc' dir='ltr'><em>οὐκ</em></span> <span class='ocrx_word' id='word_1_100' title='bbox 1450 1149 1683 1197; x_wconf 82' lang='grc' dir='ltr'><em>αἰνοῦσα</em></span> <span class='ocrx_word' id='word_1_101' title='bbox 1705 1150 1849 1215; x_wconf 68' lang='grc' dir='ltr'><em>πρίν,</em></span> 
     </span>
     <span class='ocr_line' id='line_1_20' title="bbox 395 1210 1855 1301; baseline 0.003 -35"><span class='ocrx_word' id='word_1_102' title='bbox 395 1215 498 1268; x_wconf 77' lang='grc' dir='ltr'><em>οῦι</em></span> <span class='ocrx_word' id='word_1_103' title='bbox 504 1213 579 1301; x_wconf 79' lang='grc' dir='ltr'><em>εχ’</em></span> <span class='ocrx_word' id='word_1_104' title='bbox 605 1216 671 1268; x_wconf 86' lang='grc' dir='ltr'><em>οὑ</em></span> <span class='ocrx_word' id='word_1_105' title='bbox 695 1211 808 1268; x_wconf 82' lang='grc' dir='ltr'><em>ποτ’</em></span> <span class='ocrx_word' id='word_1_106' title='bbox 833 1211 1102 1283; x_wconf 82' lang='grc' dir='ltr'><em>ἠμέλησε</em></span> <span class='ocrx_word' id='word_1_107' title='bbox 1089 1210 1602 1302; x_wconf 73' lang='grc' dir='ltr'><em>παιδόςᾶποδίδωσί</em></span> <span class='ocrx_word' id='word_1_108' title='bbox 1619 1236 1726 1282; x_wconf 87' lang='grc' dir='ltr'><em>μοι.</em></span> <span class='ocrx_word' id='word_1_109' title='bbox 1742 1227 1855 1271; x_wconf 83' lang='grc'>1610</span> 
     </span>
     <span class='ocr_line' id='line_1_21' title="bbox 388 1282 1729 1368; baseline 0 -32"><span class='ocrx_word' id='word_1_110' title='bbox 388 1288 504 1338; x_wconf 83' lang='grc' dir='ltr'><em>αἵδε</em></span> <span class='ocrx_word' id='word_1_111' title='bbox 528 1282 579 1337; x_wconf 91' lang='lat'><em>5’</em></span> <span class='ocrx_word' id='word_1_112' title='bbox 606 1282 810 1337; x_wconf 79' lang='grc' dir='ltr'><em>εὐωποὶ</em></span> <span class='ocrx_word' id='word_1_113' title='bbox 831 1284 999 1338; x_wconf 87' lang='grc' dir='ltr'><em>πύλαι</em></span> <span class='ocrx_word' id='word_1_114' title='bbox 1021 1304 1113 1352; x_wconf 90' lang='grc' dir='ltr'><em>μοι</em></span> <span class='ocrx_word' id='word_1_115' title='bbox 1133 1285 1223 1336; x_wconf 80' lang='grc' dir='ltr'><em>καὶ</em></span> <span class='ocrx_word' id='word_1_116' title='bbox 1251 1289 1390 1337; x_wconf 89' lang='grc' dir='ltr'><em>θεοῦ</em></span> <span class='ocrx_word' id='word_1_117' title='bbox 1413 1284 1729 1368; x_wconf 82' lang='grc' dir='ltr'><em>χρηστήρια</em></span> 
     </span>
    </p>

    <p class='ocr_par' dir='ltr' id='par_1_16' title="bbox 383 1351 1852 1493">
     <span class='ocr_line' id='line_1_22' title="bbox 383 1351 1852 1439; baseline -0.001 -32"><span class='ocrx_word' id='word_1_118' title='bbox 383 1356 627 1439; x_wconf 79' lang='grc' dir='ltr'><em>δυσμενῆ</em></span> <span class='ocrx_word' id='word_1_119' title='bbox 650 1353 921 1422; x_wconf 87' lang='grc' dir='ltr'><em>παροιθεν</em></span> <span class='ocrx_word' id='word_1_120' title='bbox 945 1351 1092 1407; x_wconf 80' lang='grc' dir='ltr'><em>ὄντα.</em></span> <span class='ocrx_word' id='word_1_121' title='bbox 1114 1375 1221 1406; x_wconf 91' lang='grc' dir='ltr'><em>νυν</em></span> <span class='ocrx_word' id='word_1_122' title='bbox 1235 1355 1294 1407; x_wconf 73' lang='grc' dir='ltr'><em>δε</em></span> <span class='ocrx_word' id='word_1_123' title='bbox 1315 1354 1403 1406; x_wconf 85' lang='grc' dir='ltr'><em>καὶ</em></span> <span class='ocrx_word' id='word_1_124' title='bbox 1425 1353 1852 1423; x_wconf 79' lang='grc' dir='ltr'><em>ρόπτρωνχέρας</em></span> 
     </span>
     <span class='ocr_line' id='line_1_23' title="bbox 390 1422 1746 1514; baseline -0.002 -35"><span class='ocrx_word' id='word_1_125' title='bbox 390 1422 561 1493; x_wconf 84' lang='grc' dir='ltr'><em>ἡδέως</em></span> <span class='ocrx_word' id='word_1_126' title='bbox 585 1424 1046 1514; x_wconf 73' lang='grc' dir='ltr'><em>εἰικρηιιναμεσθα</em></span> <span class='ocrx_word' id='word_1_127' title='bbox 1066 1425 1156 1476; x_wconf 80' lang='grc' dir='ltr'><em>καὶ</em></span> <span class='ocrx_word' id='word_1_128' title='bbox 1177 1425 1532 1492; x_wconf 83' lang='grc' dir='ltr'><em>προσεννέπω</em></span> <span class='ocrx_word' id='word_1_129' title='bbox 1557 1424 1746 1487; x_wconf 88' lang='grc' dir='ltr'><em>πύλας.</em></span> 
     </span>
    </p>

    <p class='ocr_par' dir='ltr' id='par_1_17' title="bbox 388 1474 1852 1634">
     <span class='ocr_line' id='line_1_24' title="bbox 390 1474 1852 1566; baseline -0.001 -17"><span class='ocrx_word' id='word_1_130' title='bbox 390 1494 541 1566; x_wconf 78' lang='grc' dir='ltr'><em>ῆνεσ’</em></span> <span class='ocrx_word' id='word_1_131' title='bbox 569 1492 757 1548; x_wconf 82' lang='grc' dir='ltr'><em>ου’νεκ’</em></span> <span class='ocrx_word' id='word_1_132' title='bbox 781 1492 1025 1562; x_wconf 73' lang='grc' dir='ltr'><em>εὐλογεῖς</em></span> <span class='ocrx_word' id='word_1_133' title='bbox 1045 1492 1184 1547; x_wconf 83' lang='grc' dir='ltr'><em>θεὸν</em></span> <span class='ocrx_word' id='word_1_134' title='bbox 1199 1474 1593 1564; x_wconf 30' lang='grc' dir='ltr'><em>μεταβαλοῦσᾶ</em></span> <span class='ocrx_word' id='word_1_135' title='bbox 1616 1490 1705 1546; x_wconf 79' lang='grc' dir='ltr'><em>ἆεί</em></span> <span class='ocrx_word' id='word_1_136' title='bbox 1719 1513 1852 1548; x_wconf 90' lang='grc' dir='ltr'><em>ποτε</em></span> 
     </span>
     <span class='ocr_line' id='line_1_25' title="bbox 388 1561 1849 1634; baseline -0.002 -15"><span class='ocrx_word' id='word_1_137' title='bbox 388 1566 580 1634; x_wconf 89' lang='grc' dir='ltr'><em>χρόνια</em></span> <span class='ocrx_word' id='word_1_138' title='bbox 617 1566 718 1633; x_wconf 78' lang='grc' dir='ltr'><em>μὲν</em></span> <span class='ocrx_word' id='word_1_139' title='bbox 747 1563 812 1618; x_wconf 76' lang='grc' dir='ltr'><em>τὰ</em></span> <span class='ocrx_word' id='word_1_140' title='bbox 847 1569 959 1617; x_wconf 72' lang='grc' dir='ltr'><em>τῶν</em></span> <span class='ocrx_word' id='word_1_141' title='bbox 996 1568 1148 1617; x_wconf 89' lang='grc' dir='ltr'><em>θεων</em></span> <span class='ocrx_word' id='word_1_142' title='bbox 1187 1584 1325 1633; x_wconf 72' lang='grc' dir='ltr'><em>πως,</em></span> <span class='ocrx_word' id='word_1_143' title='bbox 1372 1567 1446 1627; x_wconf 82' lang='grc' dir='ltr'><em>εἰς</em></span> <span class='ocrx_word' id='word_1_144' title='bbox 1478 1567 1629 1627; x_wconf 81' lang='grc' dir='ltr'><em>τέλος</em></span> <span class='ocrx_word' id='word_1_145' title='bbox 1659 1561 1849 1616; x_wconf 83' lang='grc' dir='ltr'><em>δὀὐκ</em></span> 
     </span>
    </p>
   </div>
   <div class='ocr_carea' id='block_1_9' title="bbox 383 1630 1849 1840">
    <p class='ocr_par' dir='ltr' id='par_1_18' title="bbox 383 1630 1849 1840">
     <span class='ocr_line' id='line_1_26' title="bbox 1008 1630 1849 1718; baseline 0.002 -32"><span class='ocrx_word' id='word_1_146' title='bbox 1008 1630 1237 1718; x_wconf 77' lang='grc' dir='ltr'><em>ἀσθενῆ.</em></span> <span class='ocrx_word' id='word_1_147' title='bbox 1736 1645 1849 1688; x_wconf 78' lang='lat'><em>1615</em></span> 
     </span>
     <span class='ocr_line' id='line_1_27' title="bbox 383 1699 1849 1827; baseline -0.002 -69"><span class='ocrx_word' id='word_1_148' title='bbox 383 1707 422 1758; x_wconf 76' lang='grc' dir='ltr'><em>ω</em></span> <span class='ocrx_word' id='word_1_149' title='bbox 446 1705 662 1774; x_wconf 72' lang='grc' dir='ltr'><em>τέκνον,</em></span> <span class='ocrx_word' id='word_1_150' title='bbox 686 1708 979 1773; x_wconf 84' lang='grc' dir='ltr'><em>στείχωμεν</em></span> <span class='ocrx_word' id='word_1_151' title='bbox 1007 1710 1208 1827; x_wconf 58' lang='lat' dir='ltr'><em>gi&#39;on3.</em></span> <span class='ocrx_word' id='word_1_152' title='bbox 1232 1708 1347 1756; x_wconf 83' lang='grc' dir='ltr'><em>ΑΘ.</em></span> <span class='ocrx_word' id='word_1_153' title='bbox 1371 1699 1629 1771; x_wconf 75' lang='grc' dir='ltr'><em>στείχεθ’,</em></span> <span class='ocrx_word' id='word_1_154' title='bbox 1651 1703 1849 1771; x_wconf 85' lang='grc' dir='ltr'><em>ε’ψομαι</em></span> 
     </span>
     <span class='ocr_line' id='line_1_28' title="bbox 1086 1794 1190 1840; baseline 0 -15"><span class='ocrx_word' id='word_1_155' title='bbox 1086 1794 1190 1840; x_wconf 74' lang='grc' dir='ltr'><em>εγω</em></span> 
     </span>
    </p>
   </div>
   <div class='ocr_carea' id='block_1_10' title="bbox 202 1840 1845 1929">
    <p class='ocr_par' dir='ltr' id='par_1_19' title="bbox 202 1840 1845 1929">
     <span class='ocr_line' id='line_1_29' title="bbox 202 1840 1845 1929; baseline -0.001 -33"><span class='ocrx_word' id='word_1_156' title='bbox 202 1849 284 1896; x_wconf 75' lang='lat'><em>19</em></span> <span class='ocrx_word' id='word_1_157' title='bbox 290 1849 358 1895; x_wconf 96' lang='lat' dir='ltr'><em>N.</em></span> <span class='ocrx_word' id='word_1_158' title='bbox 391 1842 510 1907; x_wconf 61' lang='lat' dir='ltr'><em>agla</em></span> <span class='ocrx_word' id='word_1_159' title='bbox 531 1841 575 1912; x_wconf 72' lang='grc' dir='ltr'><em>γ’</em></span> <span class='ocrx_word' id='word_1_160' title='bbox 597 1841 756 1928; x_wconf 78' lang='grc' dir='ltr'><em>ᾑμων</em></span> <span class='ocrx_word' id='word_1_161' title='bbox 777 1841 1028 1929; x_wconf 80' lang='grc' dir='ltr'><em>ὁδουρός.</em></span> <span class='ocrx_word' id='word_1_162' title='bbox 1051 1848 1160 1896; x_wconf 95' lang='grc' dir='ltr'><em>ΚΡ.</em></span> <span class='ocrx_word' id='word_1_163' title='bbox 1183 1844 1270 1895; x_wconf 81' lang='grc' dir='ltr'><em>καὶ</em></span> <span class='ocrx_word' id='word_1_164' title='bbox 1293 1844 1532 1910; x_wconf 82' lang='grc' dir='ltr'><em>φιλοῦσά</em></span> <span class='ocrx_word' id='word_1_165' title='bbox 1555 1863 1623 1924; x_wconf 80' lang='grc' dir='ltr'><em>γε</em></span> <span class='ocrx_word' id='word_1_166' title='bbox 1636 1840 1845 1895; x_wconf 85' lang='grc' dir='ltr'><em>πτόλιν.</em></span> 
     </span>
    </p>
   </div>
   <div class='ocr_carea' id='block_1_11' title="bbox 202 1920 313 1966">
    <p class='ocr_par' dir='ltr' id='par_1_20' title="bbox 202 1920 313 1966">
     <span class='ocr_line' id='line_1_30' title="bbox 202 1920 313 1966; baseline 0.01 -1"><span class='ocrx_word' id='word_1_167' title='bbox 202 1920 313 1966; x_wconf 84' lang='grc' dir='ltr'><em>ΑΘ.</em></span> 
     </span>
    </p>
   </div>
   <div class='ocr_carea' id='block_1_12' title="bbox 199 2059 312 2106">
    <p class='ocr_par' dir='ltr' id='par_1_21' title="bbox 199 2059 312 2106">
     <span class='ocr_line' id='line_1_31' title="bbox 199 2059 312 2106; baseline -0.027 0"><span class='ocrx_word' id='word_1_168' title='bbox 199 2059 312 2106; x_wconf 74' lang='lat' dir='ltr'><em>XO.</em></span> 
     </span>
    </p>
   </div>
   <div class='ocr_carea' id='block_1_13' title="bbox 391 1909 1845 1983">
    <p class='ocr_par' dir='ltr' id='par_1_22' title="bbox 391 1909 1845 1983">
     <span class='ocr_line' id='line_1_32' title="bbox 391 1909 1845 1983; baseline 0 -18"><span class='ocrx_word' id='word_1_169' title='bbox 391 1918 464 1976; x_wconf 75' lang='grc' dir='ltr'><em>εἰς</em></span> <span class='ocrx_word' id='word_1_170' title='bbox 501 1913 748 1983; x_wconf 85' lang='grc' dir='ltr'><em>θρόνους</em></span> <span class='ocrx_word' id='word_1_171' title='bbox 796 1910 847 1967; x_wconf 87' lang='grc' dir='ltr'><em>δ’</em></span> <span class='ocrx_word' id='word_1_172' title='bbox 897 1916 1014 1977; x_wconf 80' lang='grc' dir='ltr'><em>ἵζου</em></span> <span class='ocrx_word' id='word_1_173' title='bbox 1065 1912 1346 1975; x_wconf 88' lang='grc' dir='ltr'><em>παλαιούς.</em></span> <span class='ocrx_word' id='word_1_174' title='bbox 1391 1918 1551 1967; x_wconf 76' lang='grc' dir='ltr'><em>ΙΩΝ.</em></span> <span class='ocrx_word' id='word_1_175' title='bbox 1600 1909 1754 1975; x_wconf 82' lang='grc' dir='ltr'><em>α’ξιον</em></span> <span class='ocrx_word' id='word_1_176' title='bbox 1786 1911 1845 1965; x_wconf 81' lang='grc' dir='ltr'><em>τὸ</em></span> 
     </span>
    </p>
   </div>
   <div class='ocr_carea' id='block_1_14' title="bbox 388 1981 1849 2175">
    <p class='ocr_par' dir='ltr' id='par_1_23' title="bbox 388 1981 1849 2175">
     <span class='ocr_line' id='line_1_33' title="bbox 1008 1981 1314 2051; baseline 0 -16"><span class='ocrx_word' id='word_1_177' title='bbox 1008 1981 1181 2051; x_wconf 79' lang='grc' dir='ltr'><em>κτῆμά</em></span> <span class='ocrx_word' id='word_1_178' title='bbox 1207 2003 1314 2051; x_wconf 91' lang='grc' dir='ltr'><em>μοι.</em></span> 
     </span>
     <span class='ocr_line' id='line_1_34' title="bbox 388 2046 1849 2122; baseline -0.001 -17"><span class='ocrx_word' id='word_1_179' title='bbox 388 2046 588 2117; x_wconf 85' lang='grc' dir='ltr'><em>ωΛιὸς</em></span> <span class='ocrx_word' id='word_1_180' title='bbox 608 2050 893 2122; x_wconf 81' lang='grc' dir='ltr'><em>Λητοῦςτ’</em></span> <span class='ocrx_word' id='word_1_181' title='bbox 915 2050 1215 2121; x_wconf 71' lang='grc' dir='ltr'><em>Ἄπολλον,</em></span> <span class='ocrx_word' id='word_1_182' title='bbox 1247 2048 1389 2119; x_wconf 81' lang='grc' dir='ltr'><em>χαῖρ’</em></span> <span class='ocrx_word' id='word_1_183' title='bbox 1411 2074 1420 2083; x_wconf 95' lang='grc'>·</span> <span class='ocrx_word' id='word_1_184' title='bbox 1459 2048 1566 2104; x_wconf 84' lang='grc' dir='ltr'><em>ότω</em></span> <span class='ocrx_word' id='word_1_185' title='bbox 1598 2047 1650 2104; x_wconf 87' lang='grc' dir='ltr'><em>δ’</em></span> <span class='ocrx_word' id='word_1_186' title='bbox 1684 2049 1849 2104; x_wconf 81' lang='grc' dir='ltr'><em>ἐλαύ-</em></span> 
     </span>
     <span class='ocr_line' id='line_1_35' title="bbox 1013 2143 1163 2175; baseline 0.013 -2"><span class='ocrx_word' id='word_1_187' title='bbox 1013 2143 1163 2175; x_wconf 87' lang='grc' dir='ltr'><em>νεται</em></span> 
     </span>
    </p>
   </div>
   <div class='ocr_carea' id='block_1_15' title="bbox 383 2189 1845 2453">
    <p class='ocr_par' dir='ltr' id='par_1_24' title="bbox 388 2189 1844 2276">
     <span class='ocr_line' id='line_1_36' title="bbox 388 2189 1844 2276; baseline -0.003 -31"><span class='ocrx_word' id='word_1_188' title='bbox 388 2203 699 2260; x_wconf 80' lang='grc' dir='ltr'><em>συμφοραῖς</em></span> <span class='ocrx_word' id='word_1_189' title='bbox 701 2191 918 2276; x_wconf 70' lang='grc' dir='ltr'><em>οἷκος,)</em></span> <span class='ocrx_word' id='word_1_190' title='bbox 890 2193 1121 2260; x_wconf 82' lang='grc' dir='ltr'><em>σέβοντα</em></span> <span class='ocrx_word' id='word_1_191' title='bbox 1134 2194 1395 2258; x_wconf 85' lang='grc' dir='ltr'><em>δαίμονας</em></span> <span class='ocrx_word' id='word_1_192' title='bbox 1408 2197 1639 2273; x_wconf 82' lang='grc' dir='ltr'><em>θαρσεῖν</em></span> <span class='ocrx_word' id='word_1_193' title='bbox 1652 2189 1844 2257; x_wconf 75' lang='grc' dir='ltr'><em>χρεών·</em></span> 
     </span>
    </p>

    <p class='ocr_par' dir='ltr' id='par_1_25' title="bbox 383 2260 1842 2349">
     <span class='ocr_line' id='line_1_37' title="bbox 383 2260 1842 2349; baseline 0 -35"><span class='ocrx_word' id='word_1_194' title='bbox 383 2265 458 2325; x_wconf 87' lang='grc' dir='ltr'><em>εἰς</em></span> <span class='ocrx_word' id='word_1_195' title='bbox 479 2263 629 2326; x_wconf 85' lang='grc' dir='ltr'><em>τέλος</em></span> <span class='ocrx_word' id='word_1_196' title='bbox 650 2261 775 2349; x_wconf 68' lang='grc' dir='ltr'><em>γὰρ</em></span> <span class='ocrx_word' id='word_1_197' title='bbox 767 2264 823 2315; x_wconf 74' lang='grc' dir='ltr'><em>οἱ</em></span> <span class='ocrx_word' id='word_1_198' title='bbox 837 2282 937 2331; x_wconf 88' lang='grc' dir='ltr'><em>μεν</em></span> <span class='ocrx_word' id='word_1_199' title='bbox 958 2260 1147 2314; x_wconf 78' lang='grc' dir='ltr'><em>εσθλοι</em></span> <span class='ocrx_word' id='word_1_200' title='bbox 1159 2282 1224 2313; x_wconf 93' lang='grc' dir='ltr'><em>τυ</em></span> <span class='ocrx_word' id='word_1_201' title='bbox 1222 2262 1723 2347; x_wconf 42' lang='grc' dir='ltr'><em>μχανουσινανιων,</em></span> <span class='ocrx_word' id='word_1_202' title='bbox 1737 2272 1842 2315; x_wconf 75' lang='grc'>1621</span> 
     </span>
    </p>

    <p class='ocr_par' dir='ltr' id='par_1_26' title="bbox 387 2326 1845 2453">
     <span class='ocr_line' id='line_1_38' title="bbox 387 2326 1845 2402; baseline -0.003 -17"><span class='ocrx_word' id='word_1_203' title='bbox 387 2351 438 2385; x_wconf 84' lang='grc' dir='ltr'><em>οι</em></span> <span class='ocrx_word' id='word_1_204' title='bbox 458 2334 613 2386; x_wconf 80' lang='grc' dir='ltr'><em>κακοι</em></span> <span class='ocrx_word' id='word_1_205' title='bbox 637 2329 708 2402; x_wconf 76' lang='grc' dir='ltr'><em>δ’,</em></span> <span class='ocrx_word' id='word_1_206' title='bbox 741 2330 924 2398; x_wconf 88' lang='grc' dir='ltr'><em>ω’σπερ</em></span> <span class='ocrx_word' id='word_1_207' title='bbox 959 2328 1256 2398; x_wconf 79' lang='grc' dir='ltr'><em>πεφύκασ’,</em></span> <span class='ocrx_word' id='word_1_208' title='bbox 1280 2326 1474 2382; x_wconf 82' lang='grc' dir='ltr'><em>οὔποτ’</em></span> <span class='ocrx_word' id='word_1_209' title='bbox 1502 2329 1563 2380; x_wconf 82' lang='grc' dir='ltr'><em>εὐ</em></span> <span class='ocrx_word' id='word_1_210' title='bbox 1585 2327 1845 2397; x_wconf 81' lang='grc' dir='ltr'><em>πράξειαν</em></span> 
     </span>
     <span class='ocr_line' id='line_1_39' title="bbox 1013 2400 1099 2453; baseline -0.014 0"><span class='ocrx_word' id='word_1_211' title='bbox 1013 2400 1099 2453; x_wconf 83' lang='grc' dir='ltr'><em>ἄν.</em></span> 
     </span>
    </p>
   </div>
  </div>
 </body>
</html>
