2018 3117
781 82 1094 129 οΡΕΣΤΗΣ
1511 135 1515 141 ,
1647 77 1711 131 27
1717 78 1746 130 7

297 221 501 292 πένητα
520 221 650 291 μέν,
678 225 916 292 χρῆσθαι
941 219 1002 275 δὲ
1025 232 1282 291 γενναῖον
1306 225 1502 291 φίλοις.
1667 233 1750 277 870

295 302 406 376 ὁρῶ
433 302 484 360 δ’
514 301 678 375 ὄχλον
701 310 980 374 στείχοντα
1005 305 1096 358 καὶ
1118 301 1380 359 θάσσοντ’
1408 300 1599 375 ἄκραν,

297 381 367 444 οὗ
392 406 525 460 φασι
549 394 766 461 πρῶτον
788 385 1016 443 Δαναὸν
1042 387 1306 461 Αἰγύπτῳ
1332 392 1487 452 δίκας

299 470 505 528 διδόντ’
537 470 795 541 ἀθροῖσαι
818 469 952 526 λαὸν
978 476 1052 535 εἰς
1077 470 1263 535 κοινὰς
1288 474 1464 544 ἔδρας.

296 553 476 612 ἀστῶν
502 557 561 612 δὲ
590 557 656 626 δή
681 553 786 610 τιν’
817 552 1029 626 ἠρόμην
1053 552 1312 626 ἄθροισμ’
1343 555 1503 612 ἰδών·

299 647 354 695 τί
372 639 564 695 καινὸν
584 637 801 710 ’Ἀργει;
835 644 953 708 μῶν
978 662 1027 693 τι
1053 644 1329 709 πολεμίων
1354 641 1499 712 πάρα
1667 654 1750 698 875

293 721 524 827 ἕγγελμ’
554 721 895 794 ἀνεπτέρωκε
918 728 1218 778 Δαναϊδῶν
1243 724 1433 792 πόλιν;

293 808 326 865 ὁ
353 806 405 863 δ’
436 804 572 864 εἶπ’
594 805 851 877 Ὀρέστην
876 819 1062 862 κεῖνον
1089 804 1188 877 οὐχ
1213 804 1344 881 ὁρᾷς
1370 811 1534 873 πέλας

298 888 585 963 στείχοντ’
612 888 798 962 ἀγῶνα
822 891 1133 961 θανάσιμον
1159 892 1572 963 δραμούμενον;

299 973 410 1046 ὁρῶ
438 972 491 1031 δ’
523 972 757 1030 άελπτον
783 972 975 1046 φάσμ’,
1005 971 1037 1029 ὂ
1059 972 1257 1046 μήποτ’
1288 973 1523 1047 ὤφελον,

294 1060 564 1131 Πυλάδην
582 1082 638 1115 τε
651 1060 742 1114 καὶ
766 1056 865 1114 σόν
889 1059 1165 1129 σύγγονον
1189 1058 1466 1130 στείχονθ’
1495 1085 1653 1133 οιιου,
1668 1077 1756 1120 880

297 1143 394 1200 τὸν
417 1144 517 1214 μὲν
542 1149 758 1215 κατηφῆ
782 1143 873 1197 καὶ
898 1145 1228 1215 παρειμένον
1252 1144 1415 1219 νόσω,

298 1227 396 1284 τὸν
422 1225 475 1283 δ’
508 1225 638 1283 ὥστ’
669 1224 914 1297 ἀδελφὸν
941 1235 1030 1282 ἶσα
1061 1233 1206 1301 φίλω
1232 1228 1601 1300 λυπούμενον,

296 1312 508 1383 νόσημα
532 1311 838 1383 κηδεύοντα
862 1316 1223 1384 παιδαγωγίᾳ.

299 1398 415 1452 ἐπει
442 1396 502 1451 δε
527 1395 734 1468 πλήρης
759 1392 961 1486 ἐγένετ’
988 1393 1250 1466 Ἀργείων
1275 1393 1447 1466 όχλος,

299 1482 469 1552 κῆρυξ
497 1478 730 1544 ἀναστὰς
754 1479 895 1534 εἷπε·
932 1486 1011 1544 τίς
1035 1480 1214 1552 χρῄζει
1239 1483 1436 1551 λέγειν,
1669 1496 1752 1540 885

301 1563 536 1636 πότερον
556 1561 812 1635 ΗΟρεστην
836 1571 1136 1619 κατθανεῖν
1161 1588 1193 1634 η
1221 1564 1292 1634 μὴ
1316 1564 1493 1635 χρεών

297 1654 803 1719 μητροκτονοῦντα·
793 1691 806 1713 ,
831 1644 963 1702 καπὶ
987 1644 1111 1721 τῷδ’
1139 1645 1418 1704 ἀνίσταται

308 1732 649 1804 Ταλθύβιος,
678 1729 736 1796 ὃς
759 1738 836 1806 σῷ
864 1734 1026 1803 πατρὶ
1053 1732 1390 1803 συνεπόρθει
1417 1734 1656 1807 Φρύγας.

298 1819 445 1883 ἔλεξε
469 1813 521 1871 δ’
550 1813 658 1872 ὑπὸ
685 1829 796 1880 τοῖς
821 1819 1209 1887 δυναμένοισιν
1235 1812 1312 1872 ὢν
1336 1816 1421 1872 ἀεὶ

300 1900 604 1971 διχόμυθα,
631 1903 836 1973 πατέρα
859 1900 960 1970 μὲν
984 1899 1084 1957 σὸν
1108 1902 1562 1972 ἐκπαγλούμενος,
1671 1916 1754 1959 890

300 1983 400 2040 σὸν
425 1982 477 2040 δ’
506 1982 608 2040 οὐκ
633 1987 873 2040 ἐπαινῶν
897 1985 1198 2056 σύγγονον,
1224 1985 1427 2050 καλοὺς
1453 1986 1655 2050 κακοὺς

298 2068 495 2139 λόγους
519 2071 766 2139 ἑλίσσων,
793 2066 876 2124 ὅτι
900 2076 1194 2141 καθισταίη
1216 2069 1420 2141 νόμους

299 2158 375 2217 εἰς
399 2151 527 2218 τοὺς
549 2153 804 2218 τεκόντας
829 2149 896 2209 ού
921 2154 1148 2219 καλούς·
1176 2152 1234 2209 τὸ
1263 2160 1295 2209 δ
1302 2153 1315 2173 '
1345 2152 1471 2226 ὄμμ’
1502 2152 1587 2211 ἀεὶ

298 2236 626 2308 φαιδρωπὸν
650 2241 839 2294 ἐδίδου
863 2251 1036 2293 τοῖσιν
1060 2245 1341 2310 Αἰγίσθου
1367 2245 1562 2309 φίλοις.

301 2318 359 2375 τὸ
384 2320 487 2393 γὰρ
513 2325 668 2393 γένος
691 2328 971 2378 τοιοῦτον·
1000 2325 1088 2378 ἐπὶ
1113 2323 1209 2378 τὸν
1236 2320 1433 2393 εὐτυχῆ
1667 2336 1751 2380 895

299 2403 506 2476 πηδωσ’
536 2404 620 2461 ἀεὶ
646 2405 907 2478 κήρυκες·
933 2403 1027 2462 όδε
1052 2404 1108 2461 δ’
1138 2403 1324 2470 αὐτοῖς
1351 2413 1527 2477 φίλος,

301 2484 360 2552 ὃς
384 2485 451 2543 α“ν
476 2490 707 2561 δύνηται
732 2490 924 2554 πόλεος
950 2495 1009 2545 ε”ν
1033 2487 1080 2544 τ’
1109 2488 1360 2561 αρχαῖσιν
1383 2493 1433 2563 ᾑ.

301 2573 389 2627 ἐπὶ
411 2578 552 2647 τῷδε
578 2572 631 2629 δ’
660 2571 894 2644 ἠγόρευε
916 2574 1200 2645 Διομηδης
1228 2571 1376 2641 άναξ.

298 2630 462 2720 οὗτος
479 2671 698 2713 κτανεῖν
721 2658 822 2728 μὲν
848 2654 975 2712 οὔτε
997 2655 1049 2711 σ’
1078 2656 1205 2713 οὔτε
1228 2659 1503 2730 σύγγονον

301 2747 411 2807 εἴα,
440 2747 591 2813 φυγῇ
616 2742 676 2797 δὲ
704 2747 1025 2812 ζημιοῦντας
1050 2739 1314 2814 εὐσεβεῖν.
1666 2754 1753 2798 900

298 2823 682 2895 ἐπερρόθησαν
711 2822 762 2879 δ’
793 2830 850 2879 οἲ
866 2825 967 2895 μὲν
992 2822 1063 2889 ὡς
1087 2832 1264 2891 καλῶς
1289 2829 1453 2899 λέγοι,
