<?xml version="1.0" encoding="UTF-8"?>
<!DOCTYPE html PUBLIC "-//W3C//DTD XHTML 1.0 Transitional//EN"
    "http://www.w3.org/TR/xhtml1/DTD/xhtml1-transitional.dtd">
<html xmlns="http://www.w3.org/1999/xhtml" xml:lang="en" lang="en">
 <head>
  <title>
</title>
<meta http-equiv="Content-Type" content="text/html;charset=utf-8" />
  <meta name='ocr-system' content='tesseract 3.04.00' />
  <meta name='ocr-capabilities' content='ocr_page ocr_carea ocr_par ocr_line ocrx_word'/>
</head>
<body>
  <div class='ocr_page' id='page_1' title='image "./euripidistragoe02euriuoft_0421.png"; bbox 0 0 2018 3117; ppageno 0'>
   <div class='ocr_carea' id='block_1_1' title="bbox 77 1158 188 1207">
    <p class='ocr_par' dir='ltr' id='par_1_1' title="bbox 77 1158 188 1207">
     <span class='ocr_line' id='line_1_1' title="bbox 77 1158 188 1207; baseline -0.009 0"><span class='ocrx_word' id='word_1_1' title='bbox 77 1158 188 1207; x_wconf 87' lang='lat' dir='ltr'><em>XO.</em></span> 
     </span>
    </p>
   </div>
   <div class='ocr_carea' id='block_1_2' title="bbox 75 1324 186 1372">
    <p class='ocr_par' dir='ltr' id='par_1_2' title="bbox 75 1324 186 1372">
     <span class='ocr_line' id='line_1_2' title="bbox 75 1324 186 1372; baseline 0.009 -2"><span class='ocrx_word' id='word_1_2' title='bbox 75 1324 186 1372; x_wconf 89' lang='lat' dir='ltr'><em>TA.</em></span> 
     </span>
    </p>
   </div>
   <div class='ocr_carea' id='block_1_3' title="bbox 72 1996 185 2046">
    <p class='ocr_par' dir='ltr' id='par_1_3' title="bbox 72 1996 185 2046">
     <span class='ocr_line' id='line_1_3' title="bbox 72 1996 185 2046; baseline -0.018 0"><span class='ocrx_word' id='word_1_3' title='bbox 72 1996 185 2046; x_wconf 84' lang='lat' dir='ltr'><em>EK.</em></span> 
     </span>
    </p>
   </div>
   <div class='ocr_carea' id='block_1_4' title="bbox 74 2752 185 2801">
    <p class='ocr_par' dir='ltr' id='par_1_4' title="bbox 74 2752 185 2801">
     <span class='ocr_line' id='line_1_4' title="bbox 74 2752 185 2801; baseline -0.009 0"><span class='ocrx_word' id='word_1_4' title='bbox 74 2752 185 2801; x_wconf 87' lang='lat' dir='ltr'><em>XO.</em></span> 
     </span>
    </p>
   </div>
   <div class='ocr_carea' id='block_1_5' title="bbox 751 90 1714 144">
    <p class='ocr_par' dir='ltr' id='par_1_5' title="bbox 751 90 1714 144">
     <span class='ocr_line' id='line_1_5' title="bbox 751 90 1714 144; baseline 0.007 -8"><span class='ocrx_word' id='word_1_5' title='bbox 751 90 1099 137; x_wconf 77' lang='grc' dir='ltr'><em>ΤΡΩΙΑΔΕΣ</em></span> <span class='ocrx_word' id='word_1_6' title='bbox 1616 91 1714 144; x_wconf 88' lang='grc'><em>371</em></span> 
     </span>
    </p>
   </div>
   <div class='ocr_carea' id='block_1_6' title="bbox 253 225 1720 2821">
    <p class='ocr_par' dir='ltr' id='par_1_6' title="bbox 262 225 1601 302">
     <span class='ocr_line' id='line_1_6' title="bbox 262 225 1601 302; baseline 0.004 -21"><span class='ocrx_word' id='word_1_7' title='bbox 262 226 448 282; x_wconf 85' lang='grc' dir='ltr'><strong><em>Φόνου</em></strong></span> <span class='ocrx_word' id='word_1_8' title='bbox 474 249 530 282; x_wconf 91' lang='grc' dir='ltr'><em>τε</em></span> <span class='ocrx_word' id='word_1_9' title='bbox 555 226 807 283; x_wconf 78' lang='grc' dir='ltr'><em>Θανάτου</em></span> <span class='ocrx_word' id='word_1_10' title='bbox 832 226 894 283; x_wconf 84' lang='grc' dir='ltr'><em>θ’</em></span> <span class='ocrx_word' id='word_1_11' title='bbox 924 225 1024 284; x_wconf 78' lang='grc' dir='ltr'><em>ὅσα</em></span> <span class='ocrx_word' id='word_1_12' title='bbox 1047 251 1104 284; x_wconf 91' lang='grc' dir='ltr'><em>τε</em></span> <span class='ocrx_word' id='word_1_13' title='bbox 1137 235 1205 300; x_wconf 86' lang='grc' dir='ltr'><em>γῆ</em></span> <span class='ocrx_word' id='word_1_14' title='bbox 1231 231 1418 302; x_wconf 79' lang='grc' dir='ltr'><em>τρέφει</em></span> <span class='ocrx_word' id='word_1_15' title='bbox 1446 232 1601 287; x_wconf 86' lang='grc' dir='ltr'><em>κακά.</em></span> 
     </span>
    </p>

    <p class='ocr_par' dir='ltr' id='par_1_7' title="bbox 261 307 1719 469">
     <span class='ocr_line' id='line_1_7' title="bbox 261 307 1719 386; baseline 0.004 -21"><span class='ocrx_word' id='word_1_16' title='bbox 261 307 328 366; x_wconf 85' lang='grc' dir='ltr'><em>οῦ</em></span> <span class='ocrx_word' id='word_1_17' title='bbox 352 310 456 383; x_wconf 89' lang='grc' dir='ltr'><em>γάρ</em></span> <span class='ocrx_word' id='word_1_18' title='bbox 483 308 604 366; x_wconf 80' lang='grc' dir='ltr'><em>ποτ’</em></span> <span class='ocrx_word' id='word_1_19' title='bbox 632 309 783 382; x_wconf 81' lang='grc' dir='ltr'><em>αὐχῶ</em></span> <span class='ocrx_word' id='word_1_20' title='bbox 808 312 959 382; x_wconf 86' lang='grc' dir='ltr'><em>Ζῆνά</em></span> <span class='ocrx_word' id='word_1_21' title='bbox 982 310 1035 383; x_wconf 79' lang='grc' dir='ltr'><em>γ’</em></span> <span class='ocrx_word' id='word_1_22' title='bbox 1067 316 1312 384; x_wconf 80' lang='grc' dir='ltr'><em>ἐκφῦσαί</em></span> <span class='ocrx_word' id='word_1_23' title='bbox 1329 312 1382 369; x_wconf 81' lang='grc' dir='ltr'><em>σ’</em></span> <span class='ocrx_word' id='word_1_24' title='bbox 1411 315 1533 386; x_wconf 82' lang='grc' dir='ltr'><em>ε’γῶ,</em></span> <span class='ocrx_word' id='word_1_25' title='bbox 1635 329 1719 373; x_wconf 89' lang='grc'><em>770</em></span> 
     </span>
     <span class='ocr_line' id='line_1_8' title="bbox 265 394 1348 469; baseline 0.003 -20"><span class='ocrx_word' id='word_1_26' title='bbox 265 401 513 450; x_wconf 86' lang='grc' dir='ltr'><em>πολλοῖσι</em></span> <span class='ocrx_word' id='word_1_27' title='bbox 538 401 678 467; x_wconf 88' lang='grc' dir='ltr'><em>κῆρα</em></span> <span class='ocrx_word' id='word_1_28' title='bbox 708 397 1006 468; x_wconf 74' lang='grc' dir='ltr'><em>βαρβάροις</em></span> <span class='ocrx_word' id='word_1_29' title='bbox 1025 394 1255 469; x_wconf 85' lang='grc' dir='ltr'><em>Ἕλλησί</em></span> <span class='ocrx_word' id='word_1_30' title='bbox 1276 421 1348 454; x_wconf 90' lang='grc' dir='ltr'><em>τε.</em></span> 
     </span>
    </p>

    <p class='ocr_par' dir='ltr' id='par_1_8' title="bbox 261 476 1316 551">
     <span class='ocr_line' id='line_1_9' title="bbox 261 476 1316 551; baseline 0.005 -18"><span class='ocrx_word' id='word_1_31' title='bbox 261 476 411 534; x_wconf 78' lang='grc' dir='ltr'><em>ὄλοιο</em></span> <span class='ocrx_word' id='word_1_32' title='bbox 429 497 439 508; x_wconf 93' lang='grc'><em>·</em></span> <span class='ocrx_word' id='word_1_33' title='bbox 467 485 773 534; x_wconf 78' lang='grc' dir='ltr'><em>καλλίστων</em></span> <span class='ocrx_word' id='word_1_34' title='bbox 797 479 900 551; x_wconf 79' lang='grc' dir='ltr'><em>γὰρ</em></span> <span class='ocrx_word' id='word_1_35' title='bbox 930 477 1186 551; x_wconf 82' lang='grc' dir='ltr'><em>ὀμμάτων</em></span> <span class='ocrx_word' id='word_1_36' title='bbox 1211 480 1316 538; x_wconf 73' lang='grc' dir='ltr'><em>ἄπο</em></span> 
     </span>
    </p>

    <p class='ocr_par' dir='ltr' id='par_1_9' title="bbox 261 561 1556 639">
     <span class='ocr_line' id='line_1_10' title="bbox 261 561 1556 639; baseline 0.004 -22"><span class='ocrx_word' id='word_1_37' title='bbox 261 568 493 635; x_wconf 76' lang='grc' dir='ltr'><em>αἰσχρῶς</em></span> <span class='ocrx_word' id='word_1_38' title='bbox 517 563 582 618; x_wconf 77' lang='grc' dir='ltr'><em>τὰ</em></span> <span class='ocrx_word' id='word_1_39' title='bbox 606 561 794 619; x_wconf 78' lang='grc' dir='ltr'><em>κλεινὰ</em></span> <span class='ocrx_word' id='word_1_40' title='bbox 818 561 963 619; x_wconf 82' lang='grc' dir='ltr'><em>πεδί’</em></span> <span class='ocrx_word' id='word_1_41' title='bbox 993 562 1275 631; x_wconf 74' lang='grc' dir='ltr'><em>ἀπώλεσας</em></span> <span class='ocrx_word' id='word_1_42' title='bbox 1300 573 1556 639; x_wconf 77' lang='grc' dir='ltr'><em>Φρυγῶν.</em></span> 
     </span>
    </p>

    <p class='ocr_par' dir='ltr' id='par_1_10' title="bbox 261 644 1720 888">
     <span class='ocr_line' id='line_1_11' title="bbox 263 644 1554 720; baseline 0.004 -18"><span class='ocrx_word' id='word_1_43' title='bbox 263 644 383 702; x_wconf 75' lang='grc' dir='ltr'><em>ἀλλ’</em></span> <span class='ocrx_word' id='word_1_44' title='bbox 414 644 570 717; x_wconf 70' lang='grc' dir='ltr'><em>ἄγετε</em></span> <span class='ocrx_word' id='word_1_45' title='bbox 596 649 790 719; x_wconf 88' lang='grc' dir='ltr'><em>φέρετε</em></span> <span class='ocrx_word' id='word_1_46' title='bbox 815 646 1042 719; x_wconf 80' lang='grc' dir='ltr'><em>ῥίπτετ’,</em></span> <span class='ocrx_word' id='word_1_47' title='bbox 1071 656 1120 705; x_wconf 83' lang='grc' dir='ltr'><em>εἰ</em></span> <span class='ocrx_word' id='word_1_48' title='bbox 1143 653 1356 720; x_wconf 82' lang='grc' dir='ltr'><em>ῥίπτειν</em></span> <span class='ocrx_word' id='word_1_49' title='bbox 1380 656 1554 707; x_wconf 88' lang='grc' dir='ltr'><em>δοκεῖ·</em></span> 
     </span>
     <span class='ocr_line' id='line_1_12' title="bbox 261 732 1720 805; baseline 0.003 -20"><span class='ocrx_word' id='word_1_50' title='bbox 261 735 532 786; x_wconf 79' lang='grc' dir='ltr'><em>δαίνυσθε</em></span> <span class='ocrx_word' id='word_1_51' title='bbox 556 736 719 787; x_wconf 86' lang='grc' dir='ltr'><em>τοῦδε</em></span> <span class='ocrx_word' id='word_1_52' title='bbox 746 732 964 805; x_wconf 80' lang='grc' dir='ltr'><em>σάρκας.</em></span> <span class='ocrx_word' id='word_1_53' title='bbox 992 738 1051 788; x_wconf 82' lang='grc' dir='ltr'><em>ἔκ</em></span> <span class='ocrx_word' id='word_1_54' title='bbox 1079 757 1135 789; x_wconf 90' lang='grc' dir='ltr'><em>τε</em></span> <span class='ocrx_word' id='word_1_55' title='bbox 1158 733 1260 805; x_wconf 75' lang='grc' dir='ltr'><em>γὰρ</em></span> <span class='ocrx_word' id='word_1_56' title='bbox 1285 742 1437 791; x_wconf 91' lang='grc' dir='ltr'><em>θεῶν</em></span> <span class='ocrx_word' id='word_1_57' title='bbox 1637 747 1720 793; x_wconf 80' lang='grc'><em>775</em></span> 
     </span>
     <span class='ocr_line' id='line_1_13' title="bbox 261 813 1399 888; baseline 0.004 -19"><span class='ocrx_word' id='word_1_58' title='bbox 261 815 634 886; x_wconf 83' lang='grc' dir='ltr'><em>διολλύμεσθα</em></span> <span class='ocrx_word' id='word_1_59' title='bbox 658 820 819 870; x_wconf 90' lang='grc' dir='ltr'><em>παιδί</em></span> <span class='ocrx_word' id='word_1_60' title='bbox 835 814 882 870; x_wconf 80' lang='grc' dir='ltr'><em>τ’</em></span> <span class='ocrx_word' id='word_1_61' title='bbox 912 813 978 871; x_wconf 84' lang='grc' dir='ltr'><em>ού</em></span> <span class='ocrx_word' id='word_1_62' title='bbox 1005 816 1301 888; x_wconf 75' lang='grc' dir='ltr'><em>δυναίμεθ’</em></span> <span class='ocrx_word' id='word_1_63' title='bbox 1332 816 1399 874; x_wconf 70' lang='grc' dir='ltr'><em>ἄν</em></span> 
     </span>
    </p>

    <p class='ocr_par' dir='ltr' id='par_1_11' title="bbox 260 897 1440 974">
     <span class='ocr_line' id='line_1_14' title="bbox 260 897 1440 974; baseline 0.004 -21"><span class='ocrx_word' id='word_1_64' title='bbox 260 899 506 954; x_wconf 87' lang='grc' dir='ltr'><em>θάνατον</em></span> <span class='ocrx_word' id='word_1_65' title='bbox 531 897 738 971; x_wconf 75' lang='grc' dir='ltr'><em>ἀρῆξαι.</em></span> <span class='ocrx_word' id='word_1_66' title='bbox 766 898 1024 971; x_wconf 78' lang='grc' dir='ltr'><em>κρύπτετ’</em></span> <span class='ocrx_word' id='word_1_67' title='bbox 1055 898 1253 957; x_wconf 70' lang='grc' dir='ltr'><em>ἄθλιον</em></span> <span class='ocrx_word' id='word_1_68' title='bbox 1277 905 1440 974; x_wconf 80' lang='grc' dir='ltr'><em>δέμας</em></span> 
     </span>
    </p>

    <p class='ocr_par' dir='ltr' id='par_1_12' title="bbox 258 980 1575 1140">
     <span class='ocr_line' id='line_1_15' title="bbox 261 980 1575 1059; baseline 0.005 -22"><span class='ocrx_word' id='word_1_69' title='bbox 261 985 353 1038; x_wconf 79' lang='grc' dir='ltr'><em>καὶ</em></span> <span class='ocrx_word' id='word_1_70' title='bbox 376 980 581 1054; x_wconf 79' lang='grc' dir='ltr'><em>ῥίπτετ’</em></span> <span class='ocrx_word' id='word_1_71' title='bbox 612 989 687 1047; x_wconf 82' lang='grc' dir='ltr'><em>εἰς</em></span> <span class='ocrx_word' id='word_1_72' title='bbox 710 989 848 1048; x_wconf 83' lang='grc' dir='ltr'><em>ναῦς</em></span> <span class='ocrx_word' id='word_1_73' title='bbox 866 1002 876 1012; x_wconf 93' lang='grc'><em>·</em></span> <span class='ocrx_word' id='word_1_74' title='bbox 915 986 1002 1039; x_wconf 83' lang='grc' dir='ltr'><em>ἐπὶ</em></span> <span class='ocrx_word' id='word_1_75' title='bbox 1026 984 1196 1040; x_wconf 84' lang='grc' dir='ltr'><em>καλὸν</em></span> <span class='ocrx_word' id='word_1_76' title='bbox 1225 985 1328 1059; x_wconf 77' lang='grc' dir='ltr'><em>γὰρ</em></span> <span class='ocrx_word' id='word_1_77' title='bbox 1356 993 1575 1059; x_wconf 83' lang='grc' dir='ltr'><em>ἔρχομαι</em></span> 
     </span>
     <span class='ocr_line' id='line_1_16' title="bbox 258 1064 1446 1140; baseline 0.004 -18"><span class='ocrx_word' id='word_1_78' title='bbox 258 1064 549 1138; x_wconf 78' lang='grc' dir='ltr'><em>ὑμέναιον,</em></span> <span class='ocrx_word' id='word_1_79' title='bbox 577 1064 883 1123; x_wconf 76' lang='grc' dir='ltr'><em>ἀπολέσασα</em></span> <span class='ocrx_word' id='word_1_80' title='bbox 908 1066 1213 1140; x_wconf 74' lang='grc' dir='ltr'><em>τούμαυτῆς</em></span> <span class='ocrx_word' id='word_1_81' title='bbox 1238 1072 1446 1127; x_wconf 89' lang='grc' dir='ltr'><em>τέκνον.</em></span> 
     </span>
    </p>

    <p class='ocr_par' dir='ltr' id='par_1_13' title="bbox 257 1151 1719 1312">
     <span class='ocr_line' id='line_1_17' title="bbox 257 1151 1719 1223; baseline 0.005 -17"><span class='ocrx_word' id='word_1_82' title='bbox 257 1151 485 1206; x_wconf 87' lang='grc' dir='ltr'><em>τάλαινα</em></span> <span class='ocrx_word' id='word_1_83' title='bbox 519 1157 711 1223; x_wconf 87' lang='grc' dir='ltr'><em>Τροία,</em></span> <span class='ocrx_word' id='word_1_84' title='bbox 739 1158 973 1223; x_wconf 89' lang='grc' dir='ltr'><em>μυρίους</em></span> <span class='ocrx_word' id='word_1_85' title='bbox 999 1151 1281 1219; x_wconf 78' lang='grc' dir='ltr'><em>ἀπώλεσας</em></span> <span class='ocrx_word' id='word_1_86' title='bbox 1637 1169 1719 1213; x_wconf 82' lang='grc'><em>780</em></span> 
     </span>
     <span class='ocr_line' id='line_1_18' title="bbox 260 1234 1467 1312; baseline 0.004 -22"><span class='ocrx_word' id='word_1_87' title='bbox 260 1241 385 1306; x_wconf 79' lang='grc' dir='ltr'><em>μιᾶς</em></span> <span class='ocrx_word' id='word_1_88' title='bbox 410 1234 671 1306; x_wconf 84' lang='grc' dir='ltr'><em>γυναικὸς</em></span> <span class='ocrx_word' id='word_1_89' title='bbox 700 1238 790 1291; x_wconf 82' lang='grc' dir='ltr'><em>καὶ</em></span> <span class='ocrx_word' id='word_1_90' title='bbox 813 1237 1004 1306; x_wconf 90' lang='grc' dir='ltr'><em>λέχους</em></span> <span class='ocrx_word' id='word_1_91' title='bbox 1028 1243 1269 1308; x_wconf 82' lang='grc' dir='ltr'><em>στυγνοῦ</em></span> <span class='ocrx_word' id='word_1_92' title='bbox 1292 1239 1467 1312; x_wconf 92' lang='grc' dir='ltr'><em>χάριν.</em></span> 
     </span>
    </p>

    <p class='ocr_par' dir='ltr' id='par_1_14' title="bbox 265 1317 1326 1392">
     <span class='ocr_line' id='line_1_19' title="bbox 265 1317 1326 1392; baseline 0.004 -18"><span class='ocrx_word' id='word_1_93' title='bbox 265 1317 363 1391; x_wconf 71' lang='grc' dir='ltr'><em>ἄγε</em></span> <span class='ocrx_word' id='word_1_94' title='bbox 387 1333 509 1390; x_wconf 85' lang='grc' dir='ltr'><em>παῖ,</em></span> <span class='ocrx_word' id='word_1_95' title='bbox 538 1326 727 1390; x_wconf 89' lang='grc' dir='ltr'><em>φίλιον</em></span> <span class='ocrx_word' id='word_1_96' title='bbox 751 1319 1112 1392; x_wconf 75' lang='grc' dir='ltr'><em>πρόσπτυγμα</em></span> <span class='ocrx_word' id='word_1_97' title='bbox 1137 1324 1326 1392; x_wconf 81' lang='grc' dir='ltr'><em>μεθεὶς</em></span> 
     </span>
    </p>

    <p class='ocr_par' dir='ltr' id='par_1_15' title="bbox 255 1402 1242 1480">
     <span class='ocr_line' id='line_1_20' title="bbox 255 1402 1242 1480; baseline 0.004 -23"><span class='ocrx_word' id='word_1_98' title='bbox 255 1402 458 1474; x_wconf 88' lang='grc' dir='ltr'><em>μητρὸς</em></span> <span class='ocrx_word' id='word_1_99' title='bbox 489 1408 750 1473; x_wconf 80' lang='grc' dir='ltr'><em>μογερᾶς,</em></span> <span class='ocrx_word' id='word_1_100' title='bbox 793 1411 950 1475; x_wconf 80' lang='grc' dir='ltr'><em>βαῖνε</em></span> <span class='ocrx_word' id='word_1_101' title='bbox 974 1406 1242 1480; x_wconf 72' lang='grc' dir='ltr'><em>πατρῴων</em></span> 
     </span>
    </p>

    <p class='ocr_par' dir='ltr' id='par_1_16' title="bbox 259 1485 1355 1560">
     <span class='ocr_line' id='line_1_21' title="bbox 259 1485 1355 1560; baseline 0.005 -18"><span class='ocrx_word' id='word_1_102' title='bbox 259 1494 490 1559; x_wconf 84' lang='grc' dir='ltr'><em>πύργων</em></span> <span class='ocrx_word' id='word_1_103' title='bbox 516 1485 601 1543; x_wconf 84' lang='grc' dir='ltr'><em>ἐπ’</em></span> <span class='ocrx_word' id='word_1_104' title='bbox 633 1485 799 1560; x_wconf 71' lang='grc' dir='ltr'><em>ἄκρας</em></span> <span class='ocrx_word' id='word_1_105' title='bbox 824 1489 1124 1560; x_wconf 73' lang='grc' dir='ltr'><em>στεφάνας,</em></span> <span class='ocrx_word' id='word_1_106' title='bbox 1153 1488 1247 1546; x_wconf 80' lang='grc' dir='ltr'><em>ὅθι</em></span> <span class='ocrx_word' id='word_1_107' title='bbox 1272 1508 1355 1547; x_wconf 90' lang='grc' dir='ltr'><em>σοι</em></span> 
     </span>
    </p>

    <p class='ocr_par' dir='ltr' id='par_1_17' title="bbox 261 1574 1716 1731">
     <span class='ocr_line' id='line_1_22' title="bbox 262 1574 1716 1646; baseline 0.005 -21"><span class='ocrx_word' id='word_1_108' title='bbox 262 1577 480 1641; x_wconf 87' lang='grc' dir='ltr'><em>πνεῦμα</em></span> <span class='ocrx_word' id='word_1_109' title='bbox 504 1580 759 1642; x_wconf 80' lang='grc' dir='ltr'><em>μεθεῖναι</em></span> <span class='ocrx_word' id='word_1_110' title='bbox 782 1578 965 1643; x_wconf 81' lang='grc' dir='ltr'><em>ψῆφος</em></span> <span class='ocrx_word' id='word_1_111' title='bbox 991 1574 1251 1646; x_wconf 82' lang='grc' dir='ltr'><em>ἐκράνθη.</em></span> <span class='ocrx_word' id='word_1_112' title='bbox 1635 1589 1716 1634; x_wconf 85' lang='grc'><em>785</em></span> 
     </span>
     <span class='ocr_line' id='line_1_23' title="bbox 261 1653 1276 1731; baseline 0.005 -22"><span class='ocrx_word' id='word_1_113' title='bbox 261 1653 553 1726; x_wconf 82' lang='grc' dir='ltr'><em>λαμβάνετ’</em></span> <span class='ocrx_word' id='word_1_114' title='bbox 585 1654 771 1711; x_wconf 80' lang='grc' dir='ltr'><em>αὐτόν.</em></span> <span class='ocrx_word' id='word_1_115' title='bbox 798 1656 863 1711; x_wconf 77' lang='grc' dir='ltr'><em>τὰ</em></span> <span class='ocrx_word' id='word_1_116' title='bbox 887 1659 946 1712; x_wconf 78' lang='grc' dir='ltr'><em>δὲ</em></span> <span class='ocrx_word' id='word_1_117' title='bbox 971 1658 1152 1713; x_wconf 90' lang='grc' dir='ltr'><em>τοιάδε</em></span> <span class='ocrx_word' id='word_1_118' title='bbox 1176 1658 1276 1731; x_wconf 85' lang='grc' dir='ltr'><em>χρὴ</em></span> 
     </span>
    </p>

    <p class='ocr_par' dir='ltr' id='par_1_18' title="bbox 259 1737 1070 1845">
     <span class='ocr_line' id='line_1_24' title="bbox 259 1737 1070 1845; baseline 0.005 -52"><span class='ocrx_word' id='word_1_119' title='bbox 259 1740 617 1845; x_wconf 80' lang='grc' dir='ltr'><em>κηρυκεύειν,</em></span> <span class='ocrx_word' id='word_1_120' title='bbox 650 1737 796 1804; x_wconf 77' lang='grc' dir='ltr'><em>ὅστις</em></span> <span class='ocrx_word' id='word_1_121' title='bbox 822 1738 1070 1807; x_wconf 70' lang='grc' dir='ltr'><em>ἄνοικτος</em></span> 
     </span>
    </p>

    <p class='ocr_par' dir='ltr' id='par_1_19' title="bbox 261 1821 1030 1898">
     <span class='ocr_line' id='line_1_25' title="bbox 261 1821 1030 1898; baseline 0.004 -21"><span class='ocrx_word' id='word_1_122' title='bbox 261 1824 352 1878; x_wconf 80' lang='grc' dir='ltr'><em>καὶ</em></span> <span class='ocrx_word' id='word_1_123' title='bbox 376 1821 628 1897; x_wconf 77' lang='grc' dir='ltr'><em>ἀναιδείᾳ</em></span> <span class='ocrx_word' id='word_1_124' title='bbox 650 1830 743 1895; x_wconf 86' lang='grc' dir='ltr'><em>τῆς</em></span> <span class='ocrx_word' id='word_1_125' title='bbox 770 1822 1030 1898; x_wconf 79' lang='grc' dir='ltr'><em>ἡμετέρας</em></span> 
     </span>
    </p>

    <p class='ocr_par' dir='ltr' id='par_1_20' title="bbox 257 1906 1074 2011">
     <span class='ocr_line' id='line_1_26' title="bbox 257 1906 1074 2011; baseline 0.004 -49"><span class='ocrx_word' id='word_1_126' title='bbox 257 1906 476 2011; x_wconf 72' lang='grc' dir='ltr'><em>γνώμης</em></span> <span class='ocrx_word' id='word_1_127' title='bbox 500 1915 706 1979; x_wconf 85' lang='grc' dir='ltr'><em>μᾶλλον</em></span> <span class='ocrx_word' id='word_1_128' title='bbox 731 1916 888 1979; x_wconf 90' lang='grc' dir='ltr'><em>φίλος</em></span> <span class='ocrx_word' id='word_1_129' title='bbox 912 1913 1074 1965; x_wconf 86' lang='grc' dir='ltr'><em>ἐστίν.</em></span> 
     </span>
    </p>

    <p class='ocr_par' dir='ltr' id='par_1_21' title="bbox 259 1983 1716 2148">
     <span class='ocr_line' id='line_1_27' title="bbox 259 1983 1716 2068; baseline 0.003 -23"><span class='ocrx_word' id='word_1_130' title='bbox 259 1983 302 2045; x_wconf 82' lang='grc' dir='ltr'><em>ῶ</em></span> <span class='ocrx_word' id='word_1_131' title='bbox 325 1993 545 2062; x_wconf 90' lang='grc' dir='ltr'><em>τέκνον,</em></span> <span class='ocrx_word' id='word_1_132' title='bbox 574 1995 614 2047; x_wconf 77' lang='grc' dir='ltr'><strong><em>ὦ</em></strong></span> <span class='ocrx_word' id='word_1_133' title='bbox 642 2005 743 2048; x_wconf 88' lang='grc' dir='ltr'><em>παῖ</em></span> <span class='ocrx_word' id='word_1_134' title='bbox 767 1991 963 2057; x_wconf 82' lang='grc' dir='ltr'><em>παιδὸς</em></span> <span class='ocrx_word' id='word_1_135' title='bbox 986 2002 1242 2068; x_wconf 90' lang='grc' dir='ltr'><em>μογεροῦ,</em></span> <span class='ocrx_word' id='word_1_136' title='bbox 1632 2008 1716 2054; x_wconf 84' lang='grc'><em>790</em></span> 
     </span>
     <span class='ocr_line' id='line_1_28' title="bbox 260 2075 1120 2148; baseline 0.005 -19"><span class='ocrx_word' id='word_1_137' title='bbox 260 2075 558 2146; x_wconf 73' lang='grc' dir='ltr'><em>συλώμεθα</em></span> <span class='ocrx_word' id='word_1_138' title='bbox 583 2075 687 2147; x_wconf 86' lang='grc' dir='ltr'><em>σὴν</em></span> <span class='ocrx_word' id='word_1_139' title='bbox 710 2076 892 2148; x_wconf 83' lang='grc' dir='ltr'><em>ψυχὴν</em></span> <span class='ocrx_word' id='word_1_140' title='bbox 916 2075 1120 2143; x_wconf 77' lang='grc' dir='ltr'><em>ἀδίκως</em></span> 
     </span>
    </p>

    <p class='ocr_par' dir='ltr' id='par_1_22' title="bbox 257 2156 1219 2234">
     <span class='ocr_line' id='line_1_29' title="bbox 257 2156 1219 2234; baseline 0.005 -21"><span class='ocrx_word' id='word_1_141' title='bbox 257 2158 428 2232; x_wconf 88' lang='grc' dir='ltr'><em>μήτηρ</em></span> <span class='ocrx_word' id='word_1_142' title='bbox 453 2156 618 2232; x_wconf 78' lang='grc' dir='ltr'><em>κάγώ.</em></span> <span class='ocrx_word' id='word_1_143' title='bbox 648 2167 706 2215; x_wconf 91' lang='grc' dir='ltr'><em>τί</em></span> <span class='ocrx_word' id='word_1_144' title='bbox 723 2161 913 2228; x_wconf 85' lang='grc' dir='ltr'><em>πάθω;</em></span> <span class='ocrx_word' id='word_1_145' title='bbox 939 2168 995 2217; x_wconf 92' lang='grc' dir='ltr'><em>τί</em></span> <span class='ocrx_word' id='word_1_146' title='bbox 1015 2160 1065 2218; x_wconf 85' lang='grc' dir='ltr'><em>σ’</em></span> <span class='ocrx_word' id='word_1_147' title='bbox 1095 2164 1219 2234; x_wconf 81' lang='grc' dir='ltr'><em>ἐγώ,</em></span> 
     </span>
    </p>

    <p class='ocr_par' dir='ltr' id='par_1_23' title="bbox 261 2243 1258 2318">
     <span class='ocr_line' id='line_1_30' title="bbox 261 2243 1258 2318; baseline 0.005 -20"><span class='ocrx_word' id='word_1_148' title='bbox 261 2243 514 2315; x_wconf 89' lang='grc' dir='ltr'><em>δύσμορε,</em></span> <span class='ocrx_word' id='word_1_149' title='bbox 527 2245 740 2316; x_wconf 84' lang='grc' dir='ltr'><em>δράσω;</em></span> <span class='ocrx_word' id='word_1_150' title='bbox 767 2246 895 2301; x_wconf 90' lang='grc' dir='ltr'><em>τάδε</em></span> <span class='ocrx_word' id='word_1_151' title='bbox 919 2263 1006 2301; x_wconf 93' lang='grc' dir='ltr'><em>σοι</em></span> <span class='ocrx_word' id='word_1_152' title='bbox 1031 2252 1258 2318; x_wconf 90' lang='grc' dir='ltr'><em>δίδομεν</em></span> 
     </span>
    </p>

    <p class='ocr_par' dir='ltr' id='par_1_24' title="bbox 262 2327 1365 2403">
     <span class='ocr_line' id='line_1_31' title="bbox 262 2327 1365 2403; baseline 0.004 -21"><span class='ocrx_word' id='word_1_153' title='bbox 262 2327 547 2398; x_wconf 86' lang='grc' dir='ltr'><em>πλήγματα</em></span> <span class='ocrx_word' id='word_1_154' title='bbox 571 2327 765 2399; x_wconf 81' lang='grc' dir='ltr'><em>κρατὸς</em></span> <span class='ocrx_word' id='word_1_155' title='bbox 789 2332 1032 2403; x_wconf 90' lang='grc' dir='ltr'><em>στέρνων</em></span> <span class='ocrx_word' id='word_1_156' title='bbox 1057 2354 1113 2386; x_wconf 86' lang='grc' dir='ltr'><em>τε</em></span> <span class='ocrx_word' id='word_1_157' title='bbox 1138 2331 1365 2394; x_wconf 84' lang='grc' dir='ltr'><em>κόπους·</em></span> 
     </span>
    </p>

    <p class='ocr_par' dir='ltr' id='par_1_25' title="bbox 260 2411 1715 2569">
     <span class='ocr_line' id='line_1_32' title="bbox 262 2411 1715 2486; baseline 0.005 -21"><span class='ocrx_word' id='word_1_158' title='bbox 262 2416 435 2467; x_wconf 86' lang='grc' dir='ltr'><em>τῶνδε</em></span> <span class='ocrx_word' id='word_1_159' title='bbox 463 2412 565 2486; x_wconf 83' lang='grc' dir='ltr'><em>γὰρ</em></span> <span class='ocrx_word' id='word_1_160' title='bbox 591 2411 854 2484; x_wconf 71' lang='grc' dir='ltr'><em>ἄρχομεν·</em></span> <span class='ocrx_word' id='word_1_161' title='bbox 884 2418 938 2468; x_wconf 79' lang='grc' dir='ltr'><em>οἳ</em></span> <span class='ocrx_word' id='word_1_162' title='bbox 962 2412 1061 2484; x_wconf 82' lang='grc' dir='ltr'><em>’γῶ</em></span> <span class='ocrx_word' id='word_1_163' title='bbox 1088 2415 1311 2483; x_wconf 89' lang='grc' dir='ltr'><em>πόλεως,</em></span> <span class='ocrx_word' id='word_1_164' title='bbox 1634 2429 1715 2473; x_wconf 77' lang='lat'><em>795</em></span> 
     </span>
     <span class='ocr_line' id='line_1_33' title="bbox 260 2495 1269 2569; baseline 0.004 -20"><span class='ocrx_word' id='word_1_165' title='bbox 260 2502 403 2565; x_wconf 78' lang='grc' dir='ltr'><em>οἴμοι</em></span> <span class='ocrx_word' id='word_1_166' title='bbox 428 2496 488 2551; x_wconf 77' lang='grc' dir='ltr'><em>δὲ</em></span> <span class='ocrx_word' id='word_1_167' title='bbox 512 2499 704 2552; x_wconf 87' lang='grc' dir='ltr'><em>σέθεν·</em></span> <span class='ocrx_word' id='word_1_168' title='bbox 729 2503 787 2552; x_wconf 91' lang='grc' dir='ltr'><em>τί</em></span> <span class='ocrx_word' id='word_1_169' title='bbox 805 2495 907 2567; x_wconf 78' lang='grc' dir='ltr'><em>γὰρ</em></span> <span class='ocrx_word' id='word_1_170' title='bbox 935 2495 1035 2552; x_wconf 81' lang='grc' dir='ltr'><em>οῦκ</em></span> <span class='ocrx_word' id='word_1_171' title='bbox 1062 2503 1269 2569; x_wconf 85' lang='grc' dir='ltr'><em>ἔχομεν,</em></span> 
     </span>
    </p>

    <p class='ocr_par' dir='ltr' id='par_1_26' title="bbox 259 2577 1178 2655">
     <span class='ocr_line' id='line_1_34' title="bbox 259 2577 1178 2655; baseline 0.003 -22"><span class='ocrx_word' id='word_1_172' title='bbox 259 2583 405 2644; x_wconf 89' lang='grc' dir='ltr'><em>τίνος</em></span> <span class='ocrx_word' id='word_1_173' title='bbox 429 2583 685 2651; x_wconf 84' lang='grc' dir='ltr'><em>ἐνδέομεν</em></span> <span class='ocrx_word' id='word_1_174' title='bbox 709 2579 781 2651; x_wconf 89' lang='grc' dir='ltr'><em>μὴ</em></span> <span class='ocrx_word' id='word_1_175' title='bbox 808 2577 873 2635; x_wconf 82' lang='grc' dir='ltr'><em>οῦ</em></span> <span class='ocrx_word' id='word_1_176' title='bbox 900 2586 1178 2655; x_wconf 75' lang='grc' dir='ltr'><em>πανσυδίᾳ</em></span> 
     </span>
    </p>

    <p class='ocr_par' dir='ltr' id='par_1_27' title="bbox 253 2661 1710 2821">
     <span class='ocr_line' id='line_1_35' title="bbox 258 2661 1088 2737; baseline 0.006 -21"><span class='ocrx_word' id='word_1_177' title='bbox 258 2675 457 2733; x_wconf 77' lang='grc' dir='ltr'><em>χωρεῖν</em></span> <span class='ocrx_word' id='word_1_178' title='bbox 482 2661 720 2737; x_wconf 86' lang='grc' dir='ltr'><em>ὀλέθρου</em></span> <span class='ocrx_word' id='word_1_179' title='bbox 747 2663 838 2720; x_wconf 76' lang='grc' dir='ltr'><em>διὰ</em></span> <span class='ocrx_word' id='word_1_180' title='bbox 861 2664 1060 2729; x_wconf 88' lang='grc' dir='ltr'><em>παντός</em></span> <span class='ocrx_word' id='word_1_181' title='bbox 1075 2691 1088 2731; x_wconf 86' lang='grc'>;</span> 
     </span>
     <span class='ocr_line' id='line_1_36' title="bbox 253 2742 1710 2821; baseline 0.003 -20"><span class='ocrx_word' id='word_1_182' title='bbox 253 2748 1004 2820; x_wconf 87' lang='grc' dir='ltr'><em>μελισσοτρόφουΣαλαμῖνος</em></span> <span class='ocrx_word' id='word_1_183' title='bbox 1018 2742 1061 2803; x_wconf 80' lang='grc' dir='ltr'><em>ῶ</em></span> <span class='ocrx_word' id='word_1_184' title='bbox 1073 2756 1301 2821; x_wconf 87' lang='grc' dir='ltr'><em>βασιλεῦ</em></span> <span class='ocrx_word' id='word_1_185' title='bbox 1313 2750 1710 2821; x_wconf 81' lang='grc' dir='ltr'><em>Τελαμῶν,στρ.</em></span> 
     </span>
    </p>
   </div>
   <div class='ocr_carea' id='block_1_7' title="bbox 578 2847 1440 2960">
    <p class='ocr_par' dir='ltr' id='par_1_28' title="bbox 578 2847 1440 2960">
     <span class='ocr_line' id='line_1_37' title="bbox 578 2847 1204 2893; baseline 0.002 -1"><span class='ocrx_word' id='word_1_186' title='bbox 578 2847 661 2893; x_wconf 86' lang='grc'><em>799</em></span> <span class='ocrx_word' id='word_1_187' title='bbox 678 2847 835 2891; x_wconf 89' lang='grc'>-807</span> <span class='ocrx_word' id='word_1_188' title='bbox 855 2864 923 2885; x_wconf 68' lang='grc' dir='ltr'><em>τε</em></span> <span class='ocrx_word' id='word_1_189' title='bbox 940 2848 1100 2892; x_wconf 84' lang='lat'>808—</span> <span class='ocrx_word' id='word_1_190' title='bbox 1119 2850 1204 2893; x_wconf 90' lang='grc'><em>819</em></span> 
     </span>
     <span class='ocr_line' id='line_1_38' title="bbox 1336 2914 1440 2960; baseline 0.01 -1"><span class='ocrx_word' id='word_1_191' title='bbox 1336 2914 1440 2960; x_wconf 80' lang='lat'><em>24*</em></span> 
     </span>
    </p>
   </div>
  </div>
 </body>
</html>
