2018 3117
133 399 244 448 XO.

121 651 245 699 ΟΛ.

121 1407 234 1455 ΧΟ.

115 2500 231 2549 ΟΔ.

808 90 1042 136 ΚΥΚΛΩ
1055 93 1110 137 Ψ
1675 98 1773 149 187

253 215 255 217 ι
319 228 774 297 παρηυτρέπισται
801 234 832 284 δ
841 227 854 247 '
885 228 1050 286 οὐδὲν
1078 229 1209 287 ἄλλο
1236 232 1378 304 πλὴν
1403 244 1622 308 πυροῦν

325 310 618 375 Κύκλωπος
642 308 796 376 ὄψιν·
825 311 946 368 ἀλλ’
976 312 1121 379 ὅπως
1147 313 1284 387 ἀνὴρ
1311 324 1437 373 ἔσει.
1690 336 1772 379 595

317 396 514 464 πέτρας
537 393 596 449 τὸ
620 402 763 466 λῆμα
786 395 1127 468 κᾶδάμαντος
1152 402 1358 471 ἕξομεν.

314 477 477 548 χώρει
502 476 553 532 δ’
586 481 637 543 ἐς
663 488 873 549 οἴκους,
899 488 1032 550 πρίν
1056 507 1106 536 τι
1131 482 1228 538 τὸν
1253 488 1458 557 πατέρα
1482 497 1686 544 παθεῖν

317 560 661 633 ἀπάλαμνον,
689 561 760 627 ὥς
783 584 869 619 σοι
893 563 1127 620 τάνθάδ’
1155 570 1302 622 ἐστὶν
1327 567 1578 642 εὐτρεπῆ,

303 642 563 716 ’Ἠφαιστ’
593 646 724 713 ἄναξ
748 654 1001 718 Αίτναῖε,
1028 657 1270 720 γείτονος
1296 660 1469 708 κακοῦ

313 729 565 802 λαμπρὸν
588 731 845 801 πυρώσας
869 729 997 803 ὄμμ’
1026 731 1411 807 ἀπαλλαχθηθ’
1441 735 1596 808 ἅπαξ,
1684 754 1767 798 600

312 814 382 868 σύ
407 813 454 868 τ’
485 807 528 869 ὦ
549 821 806 885 μελαίνης
827 816 1050 882 Νυκτὸς
1073 818 1619 893 ἐκπαίδευμ’,”Τπνε,

313 895 544 965 ἄκρατος
567 899 695 953 ἐλθὲ
719 902 853 970 θηρὶ
878 908 952 976 τῷ
977 911 1286 973 θεοστυγεῖ,

310 983 401 1036 καὶ
423 981 494 1052 μὴ
519 979 599 1037 ’πὶ
623 989 957 1041 καλλίστοισι
989 993 1251 1056 Τρωικοῖς
1276 989 1465 1054 πόνοις

309 1063 479 1120 αὐτόν
501 1089 558 1121 τε
581 1067 784 1132 ναύτας
808 1066 855 1123 τ’
883 1067 1170 1142 ἀπολέσητ’
1196 1068 1459 1129 Ὀδυσσέα

309 1146 404 1204 ὑπ’
434 1147 660 1223 ἀνδρός,
689 1144 732 1226 ᾦ
756 1159 907 1208 θεῶν
931 1152 1097 1210 οὐδὲν
1119 1152 1153 1226 ἢ
1176 1162 1390 1226 βροτῶν
1415 1160 1580 1229 μέλει.
1681 1173 1761 1217 605

310 1229 342 1303 ἦ
366 1233 465 1304 τὴν
491 1236 660 1305 τύχην
683 1236 783 1307 μὲν
807 1237 1023 1308 δαίμον’
1051 1237 1308 1310 ἡγεῖσθαι
1330 1243 1524 1314 χρεών,

307 1316 372 1371 τὰ
400 1319 676 1390 δαιμόνων
702 1320 761 1375 δὲ
785 1327 877 1392 τῆς
902 1323 1064 1394 τύχης
1090 1323 1369 1379 ἐλάσσονα.

306 1402 533 1472 λήψεται
556 1402 653 1458 τὸν
679 1403 947 1476 τράχηλον

305 1487 538 1551 ἐντόνως
563 1484 591 1541 ὁ
617 1495 876 1556 καρκίνος

304 1575 403 1624 τοῦ
427 1573 599 1635 ξένων
624 1574 950 1643 δαιτυμόνος
966 1593 976 1603 ·
1003 1576 1138 1646 πυρὶ
1162 1575 1265 1647 γὰρ
1292 1577 1424 1647 τάχα
1677 1595 1758 1638 610

304 1653 638 1725 φωσφόρους
662 1652 782 1711 ὀλεῖ
800 1657 990 1729 κόρας·

300 1734 405 1809 ἤδη
432 1737 595 1803 δαλὸς
619 1737 1046 1812 ἠνθρακωμένος

301 1823 594 1893 κρύπτεται
622 1829 696 1887 εἰς
720 1826 981 1896 σποδιάν,
1008 1825 1175 1897 δρυὸς
1200 1826 1435 1885 ἄσπετον
1460 1837 1631 1903 ἔρνος.
1677 1846 1755 1889 615

302 1903 421 1960 ἀλλ’
450 1915 544 1961 ἴτω
568 1908 802 1979 Μάρων,
829 1914 1137 1981 πρασσέτω·

302 1993 635 2061 μαινομένου
654 1989 865 2057 ’ξελέτω
890 1997 1171 2067 βλέφαρον

300 2073 628 2145 Κύκλωπος,
658 2073 728 2140 ὣς
754 2084 850 2150 πίῃ
875 2085 1070 2144 κακῶς.

298 2155 446 2229 κάγώ
472 2157 569 2214 τὸν
594 2164 1061 2234 φιλοκισσοφόρον
1084 2164 1324 2234 Βρόμιον
1673 2182 1753 2225 620

299 2241 563 2299 ποθεινὸν
588 2249 813 2301 εἰσιδεῖν
836 2249 1001 2318 θέλω,

299 2326 601 2392 Κύκλωπος
624 2328 801 2385 λιπὼν
825 2333 1069 2402 ἐρημίαν.

298 2403 387 2482 ἆρ’
416 2415 468 2475 ἐς
491 2411 707 2468 τοσόνδ’
739 2412 1027 2487 ἀφι’ξομαι;

301 2501 486 2565 σιγᾶτε
511 2495 645 2567 πρὸς
670 2505 847 2568 θεῶν,
874 2506 1071 2571 θῆρες,
1095 2497 1400 2571 ἡσυχάζετε,

298 2581 596 2644 συνθέντες
621 2579 804 2653 ἄρθρα
829 2583 1115 2653 στόματος·
1142 2582 1274 2641 οὐδὲ
1299 2598 1458 2641 πνεῖν
1483 2589 1570 2656 ε’ῶ,
1667 2600 1746 2642 625

296 2658 363 2717 οὐ
388 2665 827 2733 σκαρδαμύσσειν
851 2664 982 2722 οὐδὲ
1011 2669 1388 2737 χρέμπτεσθαί
1406 2692 1545 2740 τινα,

298 2742 369 2809 ὡς
390 2744 462 2816 μὴ
481 2743 735 2821 ’ξεγερθῇ
760 2749 819 2805 τὸ
845 2750 1042 2820 κακόν,
1069 2748 1178 2806 ἔστ’
1208 2749 1277 2808 ἂν
1301 2751 1537 2824 ὄμματος

298 2825 422 2893 ὄψις
445 2829 748 2897 Κύκλωπος
774 2836 1107 2906 ἐξαμιλληθῇ
1134 2842 1286 2907 πυρί.
