2018 3117
97 576 207 639 ΤΑ.

91 829 214 877 AN.

99 914 208 961 TA.

89 998 214 1045 AN.

98 1082 208 1130 TA.

90 1165 214 1214 AN.

99 1250 209 1297 TA.

98 1334 215 1382 AN.

98 1419 209 1467 TA.

99 1587 210 1635 TA.

91 1671 214 1721 AN.

98 1756 207 1804 TA.

98 1925 208 1973 TA.

768 92 1118 138 ΤΡΩΙΑΔΕΣ
1637 94 1741 144 369

278 236 677 301 κατοικίσειαν,
704 232 796 286 καὶ
821 230 977 295 πόλις
999 228 1200 302 γένοιτ’
1232 237 1326 287 ἔτι.
1661 248 1743 292 705

279 311 399 370 ἀλλ’
429 318 488 371 ἐκ
513 315 680 386 λόγου
703 314 808 388 γὰρ
834 312 995 380 ἄλλος
1021 319 1264 387 ἐκβαίνει
1288 316 1464 388 λόγος,

276 395 386 454 τίν’
413 392 485 454 αὖ
509 402 744 471 δέδορκα
768 397 920 455 τόνδ’
943 397 1194 470 Ἀχαϊκόν
1216 400 1407 473 λάτριν

280 490 557 554 στείχοντα
580 490 789 539 καινῶν
813 481 1047 555 ἄγγελον
1072 486 1491 557 βουλευμάτων;

278 575 519 640 Φρυγῶν
544 566 770 640 ἀρίστου
796 574 929 640 πρίν
953 566 1086 623 ποθ’
1111 566 1368 643 ’Έκτορος
1393 571 1590 643 δάμαρ,

280 652 351 724 μὴ
374 651 460 723 ’μὲ
483 652 753 725 στυγήσῃς
770 671 780 681 ·
811 649 911 722 οὐχ
936 650 1077 708 ἑκῶν
1101 651 1204 725 γὰρ
1232 651 1444 726 ἀγγελῶ
1661 670 1746 714 710

281 743 525 792 Δαναῶν
546 759 604 792 τε
627 735 786 792 κοινὰ
807 741 1139 792 Πελοπιδῶν
1164 735 1210 792 τ’
1241 736 1565 811 ἀγγέλματα.

281 829 339 877 τί
361 819 413 876 δ’
443 828 617 888 ἔστιν;
649 817 723 885 ῶς
746 844 835 892 μοι
860 828 1138 893 φροιμίων
1162 819 1314 893 ἄρχει
1339 831 1541 880 κακῶν.

280 908 430 971 ἔδοξε
457 905 618 961 τόνδε
642 910 812 961 παῖδα
839 940 900 946 -
928 911 1043 970 πῶς
1069 915 1203 961 εἴπω
1230 907 1425 978 λόγον;

283 996 402 1062 μῶν
428 988 495 1045 οὐ
520 989 618 1046 τὸν
645 987 816 1046 αὐτὸν
841 990 1111 1062 δεσπότην
1134 987 1265 1061 ἡμῖν
1291 998 1462 1063 ἔχειν;

283 1073 466 1139 οὐδεὶς
494 1071 726 1145 Ἀχαιῶν
748 1079 912 1131 τοῦδε
938 1074 1193 1131 δεσπόσει
1218 1080 1364 1132 ποτέ.
1664 1093 1747 1137 715

284 1156 403 1214 ἀλλ’
436 1156 629 1214 ἐνθάδ’
660 1156 832 1214 αὐτοῦ
859 1165 1122 1225 λείψανον
1147 1167 1389 1233 Φρυγῶν
1416 1170 1626 1231 λιπεῖν;

282 1241 383 1299 οὐκ
409 1241 514 1299 οἶδ’
545 1241 692 1308 ὅπως
716 1261 801 1299 σοι
826 1247 1029 1318 ῥαδίως
1056 1253 1190 1300 εἴπω
1215 1246 1370 1301 κακά.

287 1325 507 1400 ε’πῄνεσ’
538 1333 702 1399 αι’δῶ,
730 1328 873 1399 πλὴν
899 1328 994 1384 ἐὰν
1018 1331 1179 1402 λέγῃς
1202 1330 1356 1386 καλά.

281 1418 536 1468 κτενοῦσι
561 1411 660 1468 σὸν
685 1411 856 1484 παῖδ’,
887 1411 959 1478 ῶς
983 1414 1138 1486 πύθῃ
1165 1413 1337 1470 κακὸν
1360 1418 1512 1487 μέγα.

287 1504 430 1567 οἴμοι
448 1539 462 1566 ,
489 1504 673 1552 κακῶν
702 1495 819 1553 τόδ’
851 1495 921 1563 ῶς
945 1498 1094 1553 κλύω
1120 1506 1303 1569 μεῖζον
1327 1501 1515 1556 κακόν.
1663 1514 1748 1558 720

282 1586 412 1654 νικᾷ
437 1585 469 1635 δ
477 1578 490 1599 '
522 1579 820 1647 Ὀδυσσεὺς
844 1586 902 1637 ἐν
928 1585 1276 1654 Πανέλλησιν
1300 1587 1494 1656 λέγων.

288 1670 406 1720 αιάῖ
427 1663 565 1736 μάλ’,
596 1663 662 1721 οὐ
691 1665 793 1738 γὰρ
820 1669 1009 1740 μέτρια
1037 1667 1314 1739 πάσχομεν
1338 1668 1494 1724 κακά.

285 1751 439 1815 λέξας
467 1747 693 1823 ἀρίστου
719 1757 888 1806 παῖδα
911 1751 981 1823 μὴ
1009 1755 1232 1823 τρέφειν
1256 1754 1473 1827 πατρός,

286 1840 510 1890 τοιαῦτα
534 1835 775 1907 νικήσειε
802 1841 913 1891 τῶν
937 1834 1111 1892 αὑτοῦ
1137 1840 1276 1909 πέρι.

284 1920 438 1989 ῥῖψαι
462 1919 523 1974 δὲ
546 1920 776 1991 πύργων
801 1925 920 1976 δεῖν
943 1938 1049 1992 σφε
1080 1928 1342 1993 Τρωικῶν
1368 1920 1490 1978 ἄπο.
1665 1937 1746 1981 725

284 1999 403 2056 ἀλλ’
434 2000 505 2067 ῶς
531 2006 806 2074 γενέσθω,
834 2008 926 2060 καὶ
949 2008 1235 2078 σοφωτέρα
1260 2020 1450 2077 φανεῖ·

285 2084 409 2157 μήτ’
440 2085 669 2159 ἀντέχου
692 2087 871 2159 τοῦδ’,
903 2087 1143 2161 εὐγενῶς
1167 2096 1199 2146 δ
1206 2089 1218 2108 '
1249 2089 1402 2162 ἄλγει
1428 2104 1630 2162 κακοῖς,

282 2171 414 2242 μήτε
439 2175 718 2229 σθένουσα
742 2175 915 2245 μηδὲν
941 2175 1184 2246 ἰσχύσειν
1208 2176 1375 2232 δόκει.

284 2261 420 2326 ἔχεις
443 2255 547 2330 γὰρ
573 2255 746 2330 ἀλκὴν
772 2257 1013 2333 οὐδαμῇ·
1042 2274 1268 2315 σκοπεῖν
1291 2261 1352 2315 δὲ
1375 2260 1505 2360 χρή·

283 2339 437 2405 πόλις
461 2338 509 2395 τ’
539 2339 711 2399 όλωλε
735 2367 826 2399 και
860 2343 1041 2414 πόσις,
1068 2358 1261 2416 κρατεῖ
1281 2345 1342 2399 δε
1366 2344 1453 2414 σύ,
1663 2358 1746 2402 730

284 2421 415 2494 ἡμῖν
447 2448 502 2480 τε
530 2432 643 2491 πῶς
671 2439 906 2495 γυναῖκα
935 2429 1249 2496 μάρνασθαι
1275 2431 1402 2494 μίαν

287 2504 407 2564 οἷόν
425 2531 508 2575 τες
527 2511 741 2567 τούτων
788 2507 954 2567 εἵνεκ’
983 2535 1049 2566 ου
1073 2511 1243 2583 μάχης
1266 2516 1400 2583 ἐρᾶν

284 2589 407 2647 ουδ’
437 2594 662 2696 αἰσχρὸν
686 2592 854 2651 ουδεν
879 2592 1002 2650 ουδ’
1032 2596 1345 2666 ἐπίφθονόν
1369 2615 1431 2652 σε
1457 2602 1612 2668 δρᾶν,

283 2676 407 2729 οὐδ
433 2679 503 2732 αὐ
528 2676 579 2733 σ’
606 2677 834 2749 Ἀχαιῶν
859 2679 1124 2751 βούλομαι
1151 2684 1365 2753 ῥίπτειν
1389 2678 1538 2754 ἀράς.

287 2765 338 2815 εί
357 2760 458 2832 γάρ
486 2785 537 2816 τι
562 2765 729 2829 λέξεις
756 2766 796 2818 ῶ
824 2763 1118 2834 χολώσεται
1143 2765 1386 2837 στρατός,
1664 2779 1746 2823 735

287 2840 406 2900 οὐτ’
436 2841 504 2900 ἂν
528 2854 724 2919 ταφείη
750 2862 875 2912 παῖς
899 2846 983 2904 ὁδ’
1013 2846 1132 2905 ούτ’
1162 2859 1349 2906 οἴκτου
1373 2849 1540 2919 τύχοι.

233 2941 380 2973 ενι-ἀι),
413 2944 516 2974 VOL.
555 2931 609 2974 II.
1407 2929 1474 2979 24
