2018 3117
269 117 336 170 50
623 125 1002 171 ΙΦΙΓΕΝΕΙΑ
1038 126 1098 171 Η
1123 126 1223 172 ΕΝ
1255 126 1513 173 ΑΥΛΙΔΙ

461 262 663 336 μηκέθ’
694 262 954 337 ἁρπάζειν
978 268 1074 320 ε’ἇν
1098 264 1191 329 τας
1217 261 1407 336 ὀλβίας
1443 269 1494 332 ἐξ
1525 264 1798 339 Ἑλλάδος,
1826 283 1932 328 1381

461 349 560 405 τὸν
588 347 806 420 Ἑλένης
846 356 1101 415 τίσαντας
1151 347 1421 423 ὄλεθρον,
1460 348 1640 422 ἥντιν’
1690 350 1937 425 ἥρπασεν

1024 434 1217 507 Πάρις.

459 525 633 575 ταῦτα
651 519 828 576 πάντα
851 526 1208 577 κατθανοῦσα
1234 520 1487 592 ῥύσομαι,
1514 527 1611 577 καί
1629 546 1736 593 μου
1761 526 1934 592 κλέος,

400 558 420 683 l
454 602 668 660 Ἑλλάδ’
707 602 780 670 ὥς
806 602 1197 678 ἠλευθέρωσα,
1226 605 1497 679 μακάριον
1521 607 1826 678 γενήσεται.

459 689 670 763 καὶγὰρ
696 687 833 747 οὐδέ
850 697 995 746 τοίτι
1009 698 1136 746 λίαν
1150 690 1242 761 ἐμὲ
1257 698 1590 762 φιλοψυχεῖν
1603 691 1797 765 χρεών·
1825 708 1940 752 1385

460 781 592 831 πᾶσι
617 775 720 847 γάρ
745 774 801 847 μ’
818 772 1042 846 ’Ἑλλησι
1066 774 1257 831 κοινὸν
1283 781 1488 846 ἔτεκες,
1517 774 1641 847 οὐχὶ
1665 780 1751 832 σοὶ
1775 777 1933 851 μόνῃ.

460 858 597 916 ἄλλα
622 867 811 932 μυρίοι
836 862 937 933 μὲν
963 859 1162 934 ἄνδρες
1188 858 1414 916 ἀσπίσιν
1440 865 1838 934 πεφραγμένοι,

458 952 648 1018 μυρίοι
675 943 726 1001 δ’
758 944 938 1019 ἐρέτμ’
968 952 1210 1018 ἔχοντες,
1239 951 1504 1019 πατρίδος
1529 943 1882 1019 ἠδικημένης,

459 1035 599 1103 δρᾶν
650 1054 701 1086 τι
750 1032 1120 1103 τολμήσουσιν
1166 1030 1404 1103 ἐχθροὺς
1452 1028 1627 1102 χὺπὲρ
1680 1030 1933 1098 Ἑλλάδος

1024 1126 1250 1172 θανεῖν·

454 1198 487 1273 ἡ
513 1199 566 1257 δ’
599 1200 697 1272 ε’μὴ
727 1201 873 1273 ψυχὴ
899 1199 978 1272 μί’
1009 1194 1147 1257 οῦσα
1173 1201 1350 1257 πάντα
1376 1200 1614 1256 κωλύσει
1639 1202 1798 1269 τάδε;
1824 1215 1933 1259 1390

457 1292 514 1342 τί
544 1285 604 1342 τὸ
632 1292 852 1342 δίκαιον
902 1284 1051 1340 τοῦτ’
1073 1310 1085 1350 ;
1141 1289 1357 1354 ἔχοιμεν
1398 1281 1483 1355 ἆρ’
1529 1284 1598 1340 ἂν
1653 1284 1929 1343 ἀντειπεῖν

1024 1377 1180 1438 ἔπος;

455 1454 587 1512 κάπ’
628 1454 796 1513 ἐκεῖν’
838 1462 1109 1529 ἔλθωμεν.
1165 1453 1231 1512 οὐ
1278 1459 1368 1511 δεῖ
1414 1455 1577 1512 τόνδε
1623 1454 1716 1512 διὰ
1762 1456 1932 1528 μάχης

1020 1550 1210 1613 μολεῖν

455 1635 623 1684 πᾶσιν
641 1624 908 1699 Ἀργείοις
932 1625 1198 1698 γυναικὸς
1243 1629 1407 1682 εἵνεκ’
1452 1623 1585 1682 οὐδὲ
1607 1635 1929 1683 κατθανεῖν.

420 1709 533 1823 ἐἷς
579 1711 633 1786 γ’
685 1709 824 1784 ἀνὴρ
874 1717 1147 1785 κρείσσων
1190 1717 1476 1783 γυναικῶν
1521 1718 1740 1784 μυρίων
1783 1709 1932 1784 ὁρῶν

1019 1797 1175 1868 φάος.

454 1889 504 1939 εί
528 1879 582 1938 δ’
613 1883 892 1954 ἐβουλήθη
941 1888 966 1917 *
1017 1889 1172 1954 σῶμα
1205 1879 1417 1953 τοῦμόν
1437 1879 1693 1955 ’Ἄρτεμις
1718 1889 1928 1954 λαβεῖν,

453 1968 709 2040 ἐμποδών
728 1968 1029 2040 γενήσομαι
1048 1965 1148 2039 ’γώ
1174 1966 1382 2039 θνητὸς
1401 1960 1540 2024 οῦσα
1563 1974 1629 2040 τῇ
1654 1973 1774 2042 θεῷ
1790 1993 1804 2036 ;
1818 1981 1931 2025 1396

457 2051 576 2109 ἀλλ’
608 2051 913 2125 ἀμήχανον·
943 2058 1145 2125 δίδωμι
1172 2059 1328 2124 σῶμα
1355 2050 1564 2124 τούμὸν
1582 2050 1815 2108 Ἑλλάδι.

453 2135 624 2209 θύετ’,
652 2142 978 2212 ἐκπορθεῖτε
999 2145 1219 2209 Τροίαν.
1246 2143 1418 2193 ταῦτα
1442 2137 1546 2211 γὰρ
1562 2138 1800 2209 μνημεῖά
1823 2161 1929 2209 μου

396 2238 419 2341 X
453 2223 546 2279 διὰ
571 2230 814 2296 μακροῦ,
842 2226 934 2280 καὶ
959 2229 1152 2290 παῖδες
1178 2216 1333 2278 οῦτοι
1358 2224 1451 2278 καὶ
1490 2222 1653 2294 γάμοι
1690 2225 1783 2279 καὶ
1811 2219 1924 2290 δόξ’

1019 2309 1134 2381 ἐμή.

453 2394 750 2466 βαρβάρων
777 2392 829 2450 δ’
855 2391 1122 2466 Ἕλληνας
1148 2392 1338 2466 ἄρχειν
1365 2392 1524 2463 εἰκός,
1552 2389 1673 2448 ἀλλ’
1705 2390 1770 2449 οῦ
1789 2399 1928 2465 βαρ-

1018 2479 1241 2552 βάρους,
1819 2490 1929 2533 1400

412 2595 429 2678 ⁸
455 2570 652 2636 μῆτερ,
683 2562 987 2637 Ἑλλήνων·
1014 2564 1073 2620 τὸ
1095 2565 1195 2637 μὲν
1219 2562 1323 2637 γὰρ
1352 2569 1583 2634 δοῦλον,
1612 2560 1663 2619 οἳ
1686 2560 1740 2619 δ’
1769 2563 1928 2619 ἐλεύ-

1021 2659 1197 2722 θεροι.

273 2743 385 2792 XO.
457 2758 516 2791 το
543 2734 644 2805 μὲν
669 2734 792 2804 σόν,
823 2726 865 2789 ὦ
890 2741 1076 2804 νεᾶνι,
1107 2739 1376 2807 γενναίως
1395 2739 1528 2804 ἔχει·

453 2819 513 2876 τὸ
538 2825 632 2890 τῆς
656 2818 819 2890 τύχης
845 2819 905 2875 δὲ
929 2821 1021 2874 καὶ
1044 2818 1103 2875 τὸ
1133 2827 1226 2891 τῆς
1253 2825 1394 2874 θεοῦ
1420 2830 1584 2874 νοσεῖ.

267 2913 380 2961 AX.
445 2902 846 2976 Ἀγαμέμνονος
871 2917 993 2975 παῖ,
1019 2903 1290 2977 μακάριόν
1313 2904 1382 2974 με’
1403 2926 1482 2969 τις
1508 2908 1661 2958 θεῶν
1817 2914 1927 2957 1405
