2018 3117
466 89 833 134 [ΦΙΓΕΝΕΙΑ
867 88 924 133 Η
952 89 1050 135 ΕΝ
1082 87 1338 134 ΑΥΛΙΔΙ

82 234 194 283 ΚΛ.
268 235 522 300 φθογγῆς
547 228 793 284 κλύουσα
819 232 984 299 δεῦρο
1010 234 1105 299 σῆς
1130 226 1427 300 ἀφικόμην,

266 317 545 383 ταρβοῦσα
570 312 788 383 τλημων
812 308 1268 384 κάκπεπληγμένη
1295 313 1470 386 φόβῳ,

265 395 339 466 μή
362 402 459 466 μοί
479 394 584 451 τιν’
615 393 786 494 ἄλλην
811 394 1147 467 ξυμφορὰν
1124 394 1259 470 η’κῃς
1286 399 1473 469 φέρων

1656 84 1726 135 55

1614 327 1723 370 1535

267 477 401 550 πρὸς
448 486 512 553 τῇ
559 480 825 552 παρούσῃ.
884 486 1043 535 ΑΓΓ.
1095 487 1191 551 σῆς
1237 505 1337 551 μεν
1382 482 1485 536 οὐν
1530 479 1725 546 παιδὸς

822 565 946 635 πέρι

263 650 554 719 θαυμαστά
579 666 665 703 σοι
689 650 781 703 καὶ
806 653 839 703 δ
844 671 961 703 εινα
985 654 1223 719 σημῆναι
1249 651 1414 704 θέλω.

75 738 190 786 ΚΛ.
262 732 334 804 μὴ
360 735 521 803 μέλλε
546 738 763 802 τοίνυν,
791 730 929 787 ἀλλὰ
954 730 1114 803 φράζ’
1144 729 1275 788 ὅσον
1299 732 1470 803 τάχος.

74 821 254 883 [ΑΓΓ.
272 814 395 872 ἀλλ’
446 818 486 871 ω
516 822 648 888 φίλη
676 818 956 887 δέσποινα,
984 823 1093 872 πᾶν
1119 816 1311 872 πεύσει
1334 824 1539 888 σαφῶς.

263 903 397 967 λέξω
424 897 477 956 δ’
508 898 602 956 ἀπ’
632 897 826 972 ἀρχῆς,
854 898 927 972 ἦν
952 925 1002 956 τι
1028 900 1100 973 μὴ
1127 900 1398 972 σφαλεῖσά
1422 925 1528 972 μου

264 985 453 1056 γνώμη
481 985 681 1057 ταράξῃ
707 991 961 1056 γλῶσσαν
987 989 1047 1041 ἐν
1071 984 1253 1056 λόγοις
1278 986 1429 1058 ἐμήν.

262 1071 379 1125 ἐπεὶ
404 1068 507 1141 γὰρ
536 1069 802 1140 ικόμεσθα
827 1075 919 1141 τῆς
942 1069 1080 1135 Διὸς
1103 1070 1269 1143 κόρης

257 1150 566 1225 Αρτέμιδος
593 1151 754 1218 άλσος
778 1154 1038 1224 λείμακάς
1064 1151 1113 1209 τ’
1144 1152 1550 1255 ἀνθεσφόρους,

264 1235 338 1292 ἰ”ν
368 1239 438 1309 ἠν
455 1235 685 1308 Ἀχαιῶν
709 1241 975 1310 σύλλογος
1000 1238 1416 1310 στρατεύματος,

264 1319 367 1393 σὴν
393 1320 546 1377 παῖδ’
578 1319 830 1392 ἄγοντες,
861 1319 1036 1388 εὐθὺς
1065 1321 1328 1394 Ἀργείων
1353 1321 1510 1394 όχλος

261 1404 569 1477 ἠθροίζεθ’.
598 1403 670 1471 ὠς
696 1404 748 1461 δ’
778 1410 989 1462 ἐσεῖδεν
1018 1405 1371 1479 Ἀγαμέμνων
1397 1404 1528 1474 ἅναξ

265 1493 353 1546 ἐπὶ
377 1489 591 1562 σφαγὰς
617 1497 942 1561 στείχουσαν
970 1497 1044 1556 εἰς
1071 1489 1232 1556 ἄλσος
1256 1491 1446 1563 κόρην,

262 1572 579 1642 ἀνεστέναξε
595 1618 608 1644 ,
636 1572 915 1646 κᾶμπαλιν
941 1578 1175 1648 στρέψας
1200 1575 1341 1649 κάρα

261 1659 475 1730 δάκρυα
501 1665 771 1731 προῆγεν,
799 1656 1056 1730 ὀμμάτων
1082 1662 1289 1715 πέπλον
1313 1666 1559 1730 προθείς.

258 1743 292 1816 ἢ
318 1743 378 1799 δε
403 1753 668 1799 σταθεῖσα
692 1749 770 1818 τῷ
795 1744 1010 1800 τεκόντι
1035 1751 1267 1815 πλησίον

260 1831 405 1894 ε’λεξε
429 1825 635 1884 τοιάδ’·
666 1852 707 1883 co
734 1828 929 1901 πάτερ,
957 1829 1186 1934 πάρειμί
1214 1848 1316 1899 σοι,

259 1910 467 1984 τουμόν
493 1913 554 1968 δε
580 1931 734 1984 σωμα
758 1919 852 1984 τῆς
878 1916 1007 1984 ἐμῆς
1031 1936 1170 1986 υπερ
1198 1913 1403 1984 πάτρας

257 1999 350 2053 καὶ
374 2003 468 2068 τῆς
493 1995 701 2068 ἁπάσης
729 1995 982 2063 Ἑλλάδος
1007 2004 1165 2069 γαίας
1188 1995 1329 2069 ὕπερ

258 2087 432 2138 θῦσαι
458 2078 657 2152 δίδωμ’
689 2084 893 2137 ἑκοῦσα
917 2082 1055 2153 πρὸς
1079 2081 1269 2154 βωμὸν
1293 2088 1429 2148 θεᾶς

258 2163 488 2237 ἄγοντας
504 2210 517 2237 ,
546 2174 697 2236 εἴπερ
725 2168 838 2222 ἐστὶ
861 2169 1149 2238 θέσφατον
1171 2167 1314 2223 τόδε.

255 2253 348 2306 καὶ
372 2249 534 2307 τούπ’
565 2248 648 2321 ἔμ’
679 2249 982 2322 εὐτυχεῖτε,
1009 2254 1100 2308 καὶ
1125 2251 1437 2324 νικηφόρου

257 2334 419 2408 δορὸς
441 2335 655 2406 τύχοιτε
689 2341 925 2407 πατρίδα
949 2334 998 2391 τ’
1029 2340 1299 2404 ἐξίκοισθε
1323 2342 1443 2407 γῆν.

257 2419 392 2491 πρὸς
417 2427 587 2476 ταῦτα
612 2418 684 2491 μὴ
710 2420 897 2494 ψαύσῃ
923 2444 1002 2486 τις
1021 2418 1284 2494 Ἀργείων
1309 2425 1467 2492 ἐμοῦ·

257 2510 384 2576 σιγῇ
410 2507 623 2577 παρέξω
649 2503 753 2577 γὰρ
781 2507 949 2576 δέρην
977 2503 1300 2578 εὐκαρδίως.

259 2587 483 2644 τοσαῦτ’
514 2593 688 2655 ἔλεξε·
717 2595 820 2654 πᾶς
847 2587 899 2644 δ’
932 2591 1247 2662 ἐθάμβησεν
1271 2590 1459 2646 κλύων

263 2669 534 2743 ευψυχίαν
557 2696 616 2729 τε
640 2670 878 2745 κάρετὴν
902 2680 996 2745 τῆς
1024 2676 1327 2776 παρθένου.

262 2753 390 2819 στὰς
416 2754 469 2811 δ’
499 2760 559 2812 ἐν
582 2759 728 2832 μέσςο
761 2759 1101 2829 Ταλθύβιος,
1132 2759 1171 2832 ςὸ
1199 2756 1316 2814 τόδ’
1347 2750 1415 2829 ἦν
1439 2759 1622 2829 μέλον,

259 2835 541 2911 εὐφημίαν
566 2838 756 2897 ἀνεῖπε
780 2843 873 2897 καὶ
900 2841 1062 2914 σιγὴν
1086 2848 1324 2929 στρατῶ·

1611 832 1722 875 1540

1611 1252 1722 1295 1545

1610 1676 1721 1717 1550

1610 2096 1721 2138 1555

1611 2519 1720 2561 1560
