2018 3117
253 87 354 139 266

910 86 1226 133 ΟΡΕΣΤΗΣ

445 223 700 298 ἐπίκλημ’
733 225 985 296 ἐχούσαις
1008 221 1040 279 ὅ
1068 249 1120 280 τι
1145 224 1315 295 τύχοι.
1348 227 1551 297 δράσας
1581 222 1635 282 δ’
1668 225 1772 299 ἐγῶ
1831 241 1915 286 570

447 308 609 381 δείν’,
643 307 714 375 ῶς
742 308 812 365 σὺ
843 321 1096 380 κομπεῖς,
1128 306 1285 365 τόνδ’
1320 315 1531 367 ἔπαυσα
1565 309 1666 366 τὸν
1693 310 1884 382 νόμον.

443 401 621 468 μισῶν
651 394 713 450 δὲ
741 391 928 466 μητέρ’
963 397 1195 460 ἐνδίκως
1218 391 1491 466 ἀπώλεσα,

446 479 562 552 ἥτις
590 476 719 551 μεθ’
750 476 939 535 ὅπλων
969 476 1131 547 ἄνδρ’
1170 476 1364 535 ἀπόντ’
1395 482 1453 534 ἐκ
1479 480 1746 551 δωμάτων

449 566 625 636 πάσης
648 561 787 635 ὑπὲρ
814 570 912 635 γῆς
930 561 1182 629 Ἑλλάδος
1204 565 1579 636 στρατηλάτην

447 650 740 722 προύδωκε
766 646 903 705 κούκ
935 645 1096 704 ἔσωσ’
1130 646 1406 721 ἀκήρατον
1436 652 1613 721 λέχος·
1833 662 1915 707 575

446 737 566 791 ἐπεὶ
591 732 643 791 δ’
676 731 978 807 ἁμαρτοῦσ’
1011 731 1226 806 ᾔσθετ’,
1258 732 1359 805 οὐχ
1387 731 1528 807 αὐτῇ
1556 738 1719 805 δίκην

449 822 751 892 ἐπέθηκεν,
780 816 900 875 ἀλλ’
941 816 1012 885 ῶς
1041 817 1112 890 μὴ
1145 824 1308 890 δίκην
1335 824 1457 891 δοίη
1491 819 1665 889 πόσει,

447 909 708 976 ἐζημίωσε
737 906 943 975 πατέρα
971 901 1282 960 κάπέκτειν’
1316 904 1463 976 ἐμόν.

450 990 585 1061 πρὸς
610 995 791 1060 θεῶν,
822 993 882 1045 ἐν
913 986 979 1044 οὐ
1011 995 1160 1063 καλῷ
1190 989 1291 1060 μὲν
1319 989 1606 1061 ἐμνήσθην
1635 994 1805 1059 θεῶν,

447 1075 627 1147 φόνον
657 1075 919 1145 δικάζων,
947 1079 997 1129 εἰ
1025 1074 1085 1129 δὲ
1116 1072 1184 1144 δὴ
1212 1071 1277 1128 τὰ
1305 1077 1534 1146 μητέρος
1835 1086 1920 1130 580

449 1166 621 1231 σιγῶν
650 1161 921 1233 ἐπῄνουν,
953 1165 1011 1213 τί
1035 1155 1095 1229 μ’
1131 1155 1199 1214 ἂν
1227 1156 1411 1228 ἔδρασ’
1446 1156 1474 1215 ὁ
1505 1157 1832 1227 κατθανῶνς

451 1242 554 1301 οὐκ
586 1242 654 1301 ὅν
684 1268 750 1316 με
779 1249 958 1344 μισῶν
985 1241 1275 1315 ἀνεχόρευ’
1303 1240 1612 1316 Ἐρινύσιν;

450 1354 482 1401 η
513 1332 715 1401 μητρὶ
709 1329 808 1385 μὲν
838 1329 1058 1399 πάρεισι
1089 1348 1158 1384 συ
1163 1352 1363 1400 μμαχοι
1393 1335 1540 1400 θεαί,

449 1420 522 1470 τῶ
556 1412 607 1470 δ’
644 1438 710 1471 ου
739 1414 960 1484 πάρεισι
990 1419 1130 1484 μᾶλλ
1137 1436 1200 1468 ον
1228 1411 1572 1489 ηδικημένω;

454 1499 526 1555 σύ
550 1523 633 1555 τοι
659 1499 938 1571 φυτεύσας
962 1496 1251 1569 θυγατέρ’,
1287 1501 1327 1554 ῶ
1358 1502 1548 1571 γέρον,
1575 1498 1752 1571 κακὴν
1836 1510 1918 1555 585

451 1583 735 1651 ἀπώλεσάς
757 1603 853 1656 με·
887 1582 980 1639 δια
1004 1583 1063 1639 τὸ
1089 1607 1193 1657 γαρ
1219 1591 1404 1656 κείνης
1431 1584 1644 1655 θράσος

448 1669 652 1741 πατρὸς
677 1676 994 1742 στερηθείς,
1026 1668 1295 1740 ἐγενόμην
1322 1668 1708 1741 μητροκτόνος.

450 1751 582 1829 ὁρᾷς
606 1752 912 1819 Ὀδυσσέως
936 1752 1159 1825 ἄλοχον·
1192 1752 1258 1809 οὐ
1287 1757 1582 1810 κατέκτανε

459 1842 793 1912 Τηλέμαχος·
826 1837 893 1896 οὐ
924 1837 1028 1910 γὰρ
1060 1838 1319 1910 ἐπεγάμει
1346 1839 1505 1895 πόσει
1529 1838 1709 1909 πόσιν,

451 1928 602 1996 μένει
634 1922 687 1980 δ’
721 1928 781 1980 ἐν
811 1933 982 1988 οἴκοις
1008 1921 1159 1995 ὑγιὲς
1190 1926 1534 1994 εὐνατήριον.
1834 1935 1918 1980 590

452 2006 614 2083 ὁρᾷς,
638 2008 650 2028 '
699 2009 920 2065 πόλλων
946 2006 1005 2073 ὃς
1029 2007 1419 2080 μεσομφάλους
1441 2012 1605 2079 ἕδρας

451 2100 626 2150 ναίων
648 2101 890 2165 βροτοῖσι
915 2094 1085 2164 στόμα
1111 2096 1263 2165 νέμει
1286 2095 1643 2164 σαφέστατον,

453 2181 528 2256 [ᾧ
554 2183 901 2249 πειθόμεσθα
929 2182 1103 2234 πάνθ’
1133 2181 1217 2234 ὅσ’
1246 2180 1316 2233 ἂν
1343 2189 1524 2240 κεῖνος
1550 2179 1739 2255 λέγῃζ

453 2262 629 2337 τούτῳ
656 2261 958 2333 πιθόμενος
983 2260 1082 2331 τὴν
1105 2267 1375 2317 τεκοῦσαν
1401 2267 1646 2317 ἔκτανον.

455 2350 669 2404 ἐκεῖνον
699 2344 915 2418 ἡγεῖσθ’
945 2343 1295 2417 άνόσιονξκαὶ
1321 2352 1583 2400 κτείνετε·
1837 2358 1919 2402 595

455 2436 663 2496 ἐκεῖνος
687 2429 905 2503 ἥμαρτ’,
938 2427 1041 2487 οὐκ
1090 2432 1243 2501 ἐγω].
1283 2435 1340 2483 τί
1360 2435 1536 2498 χρῆν
1528 2450 1593 2483 ιιε
1620 2433 1785 2502 δρᾶν;

461 2512 495 2588 ἦ
518 2540 619 2572 ουκ
646 2513 936 2587 ἀξιόχρεως
961 2512 989 2571 ὁ
1016 2514 1149 2581 θεὸς
1173 2512 1517 2584 αναφέροντί
1541 2537 1633 2584 μοι

455 2607 663 2701 μίασμα
685 2607 876 2656 λῦσαι·
864 2645 876 2667 ,
905 2613 1003 2656 ποῖ
1024 2623 1103 2664 τις
1128 2601 1231 2655 οὐν
1260 2595 1333 2654 ἔτ’
1367 2623 1436 2654 αν
1461 2598 1649 2670 φύγοι,

459 2691 510 2740 εί
529 2684 601 2757 μὴ
627 2683 654 2740 ὁ
683 2684 946 2750 κελεύσας
972 2684 1201 2755 ρύσεταί
1219 2706 1284 2754 με
1308 2682 1379 2754 μὴ
1407 2692 1638 2750 θανεῖν;

459 2766 579 2825 ἀλλ’
609 2767 679 2835 ῶς
700 2769 801 2841 μὲν
826 2767 928 2825 οὐκ
954 2761 1018 2824 εὖ
1042 2767 1114 2840 μὴ
1139 2764 1255 2839 λέγ’
1287 2776 1566 2839 εἴργασται
1592 2765 1739 2837 τάδε,
1837 2777 1924 2822 600

460 2850 589 2926 ἡμῖν
614 2854 675 2910 δὲ
698 2867 808 2919 τοῖς
833 2853 1099 2925 δράσασιν
1122 2850 1223 2908 οὐκ
1254 2849 1608 2922 εὐδαιμόνως,
