2018 3117
133 2753 245 2803 XO.

791 96 1135 143 ΦΟΙΝΙΣΣΑ
1140 98 1165 141 1
1665 95 1759 146 431

317 236 745 307 προσηγορήσων
771 236 878 306 εἶμι
906 237 997 291 καὶ
1020 234 1212 290 σώσων
1235 240 1375 306 βίον.

317 315 437 374 ἀλλ’
467 319 578 390 εἷα,
603 319 782 390 χώρει.
811 318 901 389 [μὴ
927 318 986 374 τὸ
1011 317 1110 373 σὸν
1134 321 1405 374 κωλυέτω.
1681 332 1766 377 990

315 417 596 473 γυναῖκες,
623 400 693 467 ῶς
719 395 801 469 εὖ]
830 400 1030 474 πατρὸς
1055 406 1257 468 ἐξεῖλον
1279 402 1455 473 φόβον

315 488 517 551 κλέψας
546 487 814 558 λόγοισιν,
847 483 988 541 οἶσθ’
1018 483 1051 540 ἂ
1075 485 1344 556 βούλομαι
1368 499 1551 556 τυχεῖν

317 566 374 634 ὅς
397 567 452 640 μ’
482 574 770 641 ἐκκομίζει,
797 569 957 624 πόλιν
982 567 1299 641 ἀποστερῶν
1323 569 1505 641 τύχης,

313 655 404 708 καὶ
428 658 604 727 δειλίᾳ
628 659 836 709 δίδωσι.
864 656 956 708 καὶ
980 651 1301 724 συγγνωστά
1325 652 1425 724 μὲν

315 739 531 809 γέροντι
548 756 558 766 ·
587 735 791 808 τούμὸν
817 734 868 791 δ’
899 734 1021 807 οὐχὶ
1047 737 1379 808 συγγνώμην
1403 743 1526 808 ἔχει,
1681 751 1765 796 995

316 821 590 891 προδότην
612 824 872 891 γενέσθαι
895 825 1153 893 πατρίδος
1177 819 1210 891 ἤ
1232 819 1288 891 μ’
1317 824 1575 891 ἐγείνατο.

311 907 402 978 [ῶς
420 902 522 960 οὖν
542 907 611 960 ἂν
639 906 819 975 εἰδῆτ’,
847 903 954 974 εἶμι
978 906 1069 958 καὶ
1092 903 1248 959 σώσω
1273 905 1432 959 πόλιν

313 988 496 1058 ψυχήν
519 1011 576 1043 τε
602 988 760 1043 δώσω
787 984 940 1058 τῆσδ’
968 983 1309 1057 ὑπερθανεῖν
1331 989 1570 1058 χθονός]

315 1071 540 1142 αἰσχρὸν
564 1073 693 1144 γάρ,
722 1076 778 1127 οί
799 1072 899 1142 μὲν
926 1071 1223 1143 θεσφάτων
1250 1070 1536 1141 ἐλεύθεροι

314 1152 451 1210 κούκ
478 1161 552 1220 εἰς
576 1153 821 1227 ἀνάγκην
847 1154 1125 1226 δαιμόνων
1149 1153 1442 1227 ἀφιγμένοι
1659 1172 1767 1214 1000

313 1240 534 1303 στάντες
558 1238 686 1311 παρ’
718 1236 904 1295 ἀσπίδ’
937 1236 1038 1294 οὐκ
1063 1237 1394 1310 ὀκνήσουσιν
1417 1249 1631 1311 θανεῖν,

314 1323 543 1394 πύργων
566 1324 799 1394 πάροιθε
821 1322 1114 1394 μαχόμενοι
1137 1323 1339 1395 πάτρας
1361 1321 1500 1394 ὕπερ
1517 1343 1527 1353 ·

315 1405 419 1478 ε’γῶ
447 1408 508 1463 δὲ
533 1410 737 1479 πατέρα
761 1409 851 1462 καὶ
876 1414 1204 1479 κασίγνητον
1233 1408 1473 1479 προδοὺς

313 1491 475 1546 πόλιν
502 1489 549 1545 τ’
579 1494 816 1562 ἐμαυτοῦ
843 1489 1018 1556 δειλὸς
1043 1488 1114 1556 ῶς
1140 1493 1237 1557 ἐξω
1261 1491 1462 1562 χθονὸς

317 1572 503 1646 ἄπειμ’
524 1594 534 1603 ·
566 1572 706 1630 ὅπου
732 1573 783 1629 δ’
814 1572 881 1630 ἄν
905 1582 1002 1645 ζῶ,
1029 1573 1194 1640 κακὸς
1222 1576 1545 1646 φανήσομαι.
1656 1590 1764 1631 1005

316 1657 390 1728 μὰ
414 1659 510 1714 τὸν
534 1657 650 1730 μετ’
679 1657 894 1731 ἄστρων
918 1656 1052 1730 Ζῆν’
1070 1656 1207 1730 ”Amy
1253 1682 1311 1714 τε
1348 1666 1586 1730 φοίνιον,

316 1739 374 1806 ὂς
398 1742 525 1807 τοὺς
548 1740 970 1815 ὑπερτείλαντας
993 1746 1051 1798 ἐκ
1075 1749 1232 1813 γαίας
1255 1743 1383 1798 ποτὲ

316 1825 591 1897 σπαρτούς
615 1825 849 1892 ἄνακτας
876 1832 1038 1898 τῆσδε
1063 1833 1161 1898 γῆς
1193 1827 1471 1897 ἱδρύσατο.

317 1907 436 1965 ἀλλ’
467 1910 573 1981 εἶμι
597 1912 689 1966 καὶ
712 1910 837 1975 στας
861 1915 912 1977 ἐξ
939 1911 1210 1977 ἐπάλξεων
1237 1908 1422 1983 ἄκρων

317 1994 523 2065 σφάξας
552 1994 786 2065 ἐμαυτὸν
811 1993 981 2066 σηκὸν
1008 1999 1061 2059 ἐς
1082 2001 1406 2066 μελαμβαθῆ
1658 2009 1767 2050 1010

316 2078 636 2149 δράκοντος,
665 2076 787 2134 ἔνθ’
814 2076 842 2134 ὁ
867 2079 1055 2150 μάντις
1079 2079 1389 2151 ἐξηγήσατο,

319 2162 675 2233 ἐλευθερώσω
698 2174 861 2233 γαῖαν
876 2182 886 2192 ·
919 2171 1126 2234 εἴρηται
1149 2162 1323 2234 λόγος.

319 2252 509 2317 στείχω
537 2251 569 2301 δ
574 2248 621 2315 έ,
645 2247 892 2302 θανάτου
918 2252 1100 2318 δῶρον
1123 2244 1224 2302 οὐκ
1249 2246 1474 2317 αἰσχρὸν
1497 2247 1650 2301 πόλει

319 2330 542 2400 δώσων,
571 2330 738 2386 νόσου
764 2330 825 2385 δὲ
850 2328 1004 2401 τήνδ’
1034 2328 1318 2396 ἀπαλλάξω
1341 2330 1534 2399 χθόνα.

321 2417 374 2473 εἰ
397 2412 497 2485 γὰρ
523 2413 709 2485 λαβὼν
735 2417 956 2479 ἕκαστος
982 2411 1014 2468 ὅ
1037 2437 1087 2469 τι
1113 2413 1340 2469 δύναιτό
1363 2436 1442 2477 τις
1657 2428 1766 2469 1015

319 2499 552 2568 χρηστὸν
577 2501 788 2553 διέλθοι
811 2503 971 2552 τοῦτο
993 2502 1104 2560 κείς
1127 2496 1315 2552 κοινὸν
1340 2498 1498 2569 φέροι

319 2585 566 2652 πατρίδι,
592 2587 778 2636 κακῶν
802 2576 870 2635 ἂν
892 2585 954 2635 αἱ
975 2581 1160 2645 πόλεις
1186 2579 1495 2637 ἐλασσόνων

318 2664 648 2736 πειρώμεναι
672 2663 731 2720 τὸ
757 2661 949 2720 λοιπὸν
975 2660 1252 2736 εὐτυχοῖεν
1281 2662 1365 2720 ἄν.

316 2754 442 2819 ἔβας
467 2753 608 2818 ἔβας,
1547 2767 1662 2819 στρ,

584 2847 895 2891 1019-1042
914 2863 983 2885 =
1003 2848 1190 2891 1043-
1204 2849 1314 2892 1066
