2018 3117
225 82 332 136 324

224 1585 338 1635 XO.

222 2662 334 2712 PH.

945 83 1174 131 ΡΗΣΟΣ

423 222 523 296 οὐχ
547 221 618 288 ὠς
645 221 714 277 σὺ
741 233 968 292 κομπεῖς
990 219 1085 286 τὰς
1109 220 1239 292 ἐμὰς
1264 219 1580 295 ἀμύστιδας,

418 305 541 365 οὐδ’
576 310 635 363 ἐν
662 305 945 378 ζαχρύσοις
973 305 1222 376 δώμασιν
1247 307 1602 379 κοιμώμενος,

418 389 528 448 ἀλλ’
558 387 647 447 οἷα
670 391 874 446 πόντον
899 390 1143 463 Θρῄκιον
1167 389 1462 462 φυσήματα
1802 407 1887 450 440

417 475 907 547 κρυσταλλόπηκτα
930 475 1176 539 Παίονάς
1200 472 1251 530 τ’
1282 475 1545 549 ἐπεζάρει,

416 561 518 628 ξὺν
541 558 714 617 τοῖσδ’
744 558 955 625 ἄυπνος
981 560 1106 616 οἶδα
1129 558 1256 624 τλὰς
1282 561 1647 634 πορπάμασιν.

417 643 539 701 ἀλλ’
570 643 798 717 ὕστερος
828 645 928 716 μὲν
954 637 1162 716 ἦλθον,
1189 648 1251 700 ἐν
1275 652 1449 720 καιρῷ
1480 644 1533 702 δ’
1565 643 1739 717 ὅμως·

416 730 487 787 σύ
514 730 615 802 μὲν
638 728 743 803 γὰρ
769 729 874 802 ἤδη
901 732 1129 786 δέκατον
1154 730 1423 801 αἰχμάζεις
1449 737 1566 796 ἔτος

418 812 623 872 κούδὲν
647 821 953 885 περαίνεις,
978 813 1187 886 ἡμέραν
1214 820 1246 870 δ
1254 812 1266 832 '
1297 818 1349 882 ἐξ
1375 813 1578 889 ἡμέρας
1803 831 1883 874 445

418 903 625 972 ῥίπτεις
648 900 906 972 κυβεύων
932 899 1028 955 τὸν
1052 898 1187 972 πρὸς
1214 897 1496 972 Ἀργείους
1519 898 1719 974 ”Αρην·

411 987 531 1057 ἐμοὶ
557 985 618 1040 δὲ
642 991 760 1056 φῶς
787 982 847 1040 ἓν
871 982 1033 1056 ἡλίου
1059 987 1383 1057 καταρκέσει

413 1072 676 1143 πέρσαντι
703 1070 953 1141 πύργους
976 1069 1352 1141 ναυστάθμοις
1376 1073 1722 1127 ε’πεισπεσεϊν

413 1160 630 1211 κτεῖναί
657 1152 706 1209 τ’
735 1153 1005 1225 Ἀχαιούς·
1034 1156 1245 1227 θατέρᾳ
1271 1159 1303 1209 δ
1311 1153 1323 1172 ’
1353 1153 1447 1210 ἀπ’
1472 1153 1634 1211 Ἰλίου

417 1238 553 1309 πρὸς
578 1239 732 1294 οἷκον
764 1238 873 1310 εἶμι
889 1282 902 1309 ,
931 1236 1219 1311 συντεμών
1244 1238 1371 1304 τοὺς
1396 1239 1527 1305 σούς
1552 1230 1774 1307 πόνους.
1799 1255 1884 1299 450

414 1322 574 1396 ’ὑμῶν
600 1324 660 1380 δὲ
685 1324 758 1395 μή
781 1347 862 1389 τις
893 1321 1080 1380 ἀσπίδ’
1112 1322 1306 1395 ἄρηται
1329 1331 1474 1398 χερί·

412 1408 517 1481 ἐγώ
543 1407 647 1481 γὰρ
674 1412 774 1476 ἔξω
804 1407 934 1474 τοὺς
957 1406 1082 1480 μέγ’
1110 1407 1417 1480 αὐχοῦντας
1442 1412 1565 1483 δορὶ

409 1496 612 1564 πέρσας
636 1492 910 1565 Ἀχαιούς,
937 1500 1134 1567 καίπερ
1159 1492 1386 1568 ὕστερος
1407 1494 1608 1566 μολών.

414 1578 476 1632 ἰῶ
500 1579 580 1632 ἰώ.
1655 1593 1769 1646 στρ.

411 1665 543 1731 φίλα
567 1668 781 1729 θροεῖς,
807 1665 965 1728 φίλος
987 1657 1205 1713 Διόθεν
1227 1657 1297 1712 εἴ·
1338 1659 1511 1728 μόνον
1791 1671 1877 1714 455

415 1741 636 1811 φθόνον
656 1738 864 1811 ἄμαχον
884 1738 1090 1804 ὕπατος

413 1822 554 1887 Ζεὺς
577 1825 732 1878 θέλοι
753 1820 894 1892 ἀμφὶ

413 1916 527 1970 σοῖς
549 1905 797 1974 λόγοισιν
820 1912 1041 1974 εἴργειν.

416 1987 476 2039 τὸ
499 1986 557 2040 δὲ
577 1986 737 2040 νάιον
755 1985 1022 2055 Ἀργόθεν
1048 1987 1188 2053 δόρυ

411 2063 539 2120 οὔτε
561 2071 690 2133 πρίν
711 2064 814 2120 τιν’
840 2064 968 2119 οὔτε
994 2071 1103 2120 νῦν
1796 2080 1879 2124 460

413 2146 638 2219 ἀνδρῶν
666 2147 930 2219 ἐπόρευσε
959 2149 1127 2204 σέθεν
1151 2155 1406 2220 κρείσσω.
1433 2153 1547 2213 πῶς
1569 2170 1662 2219 μοι

405 2229 651 2304 Ἀχιλεὺς
674 2231 733 2287 τὸ
763 2230 862 2287 σὸν
889 2237 1041 2302 ἔγχος
1065 2229 1135 2288 ἂν
1166 2233 1412 2302 δύναιτο,

411 2323 526 2382 πῶς
557 2314 610 2372 δ’
638 2325 777 2382 Αἴας
801 2313 1126 2386 ὑπομεῖναι,

415 2408 466 2458 εἰ
485 2401 588 2474 γὰρ
614 2400 720 2473 ἐγώ
745 2398 863 2457 τόδ’
891 2394 1035 2473 ἦμαρ
1063 2399 1339 2472 εἰσίδοιμ’,
1362 2394 1518 2471 ’ἄναξϋ

410 2484 516 2562 ὅτῳ
540 2486 866 2559 πολυφόνου
1795 2498 1878 2542 465

407 2570 586 2643 χειρὸς
610 2568 934 2628 ἀποινάσαιο
959 2571 1142 2645 λόγχᾳ.

407 2662 631 2711 τοιαῦτα
656 2658 757 2727 μέν
783 2676 867 2712 σοι
895 2662 989 2727 τῆς
1013 2662 1222 2727 μακρᾶς
1246 2653 1515 2720 ἀπουσίας

408 2744 603 2813 πρᾶξαι
630 2743 843 2813 παρέξω
860 2760 870 2770 ·
911 2740 1017 2796 σὺν
1043 2738 1095 2796 δ’
1120 2738 1439 2815 Ἀδραστείᾳ
1466 2743 1624 2812 λέγω,

731 2842 990 2886 454—466
1011 2858 1080 2880 =
1102 2841 1358 2885 820—832
