2018 3117
105 2095 218 2144 ΗΛ.

790 102 963 146 ΟΡΕΣ
966 100 1103 145 ΤΗΣ
1651 99 1752 151 257

297 244 547 314 μητρῷον
573 235 728 309 αἷμα·
752 241 921 312 Λοξίᾳ
943 239 1004 294 δὲ
1027 241 1322 310 μέμφομαι,
1671 254 1757 297 285

300 320 449 387 ὅστις
474 319 530 394 μ’
560 323 760 393 ἐπάρας
790 329 954 393 ἔργον
980 319 1366 394 ἀνοσιώτατον,

297 420 407 471 τοῖς
430 406 529 478 μὲν
557 406 736 479 λόγοις
755 404 1033 478 ηὔφρανε,
1061 420 1170 471 τοῖς
1197 404 1251 462 δ’
1281 413 1525 479 ἔργοισιν
1551 405 1635 464 οῦ.

298 490 446 562 οἶμαι
472 491 532 546 δὲ
556 491 760 562 πατέρα
783 489 879 545 τὸν
905 490 1064 560 ἐμόν,
1092 496 1141 545 εί
1160 489 1279 546 κατ’
1310 490 1520 563 ὄμματα

297 574 610 647 ἐξιστόρουν
637 598 753 644 νιν,
779 571 965 645 μητέρ’
998 579 1047 628 εἰ
1071 581 1286 630 κτεῖναί
1303 599 1369 647 με
1394 577 1513 648 χρή,

296 658 498 724 πολλὰς
520 664 737 730 γενείου
763 654 916 713 τοῦδ’
946 653 1014 712 ἂν
1039 661 1272 714 ἐκτεῖναι
1297 660 1446 724 λιτὰς
1669 675 1754 718 290

298 743 500 814 μήποτε
522 740 781 811 τεκούσης
808 746 882 803 είς
906 739 1116 811 σφαγὰς
1144 734 1277 796 ὦσαι
1305 746 1476 811 ξίφος,

297 834 347 883 εί
366 825 488 899 μήτ’
516 830 719 890 ἐκεῖνος
742 823 1038 896 ἀναλαβεῖν
1066 833 1253 897 ἔμελλε
1279 834 1412 899 φῶς,

297 913 401 982 ἐγώ
422 905 488 964 θ’
514 907 541 965 ὁ
566 910 784 982 τλήμων
806 908 978 965 τοιάδ’
1009 911 1298 982 ἐκπλήσειν
1322 913 1478 968 κακά.

297 996 386 1050 καὶ
415 1000 522 1049 νῦν
546 991 906 1060 ἀνακάλυπτ’,
934 987 978 1049 ὦ
1002 1002 1332 1067 κασίγνητον
1357 997 1514 1069 κάρα,

296 1083 353 1134 ἐκ
381 1079 640 1151 δακρύων
664 1077 711 1133 τ’
745 1076 981 1147 ἄπελθε,
1009 1085 1096 1134 κεί
1115 1077 1240 1151 μάλ’
1270 1078 1478 1146 ἀθλίως
1669 1096 1752 1141 295

294 1170 510 1234 ἔχομεν·
539 1160 671 1218 ὅταν
696 1163 755 1218 δὲ
779 1160 902 1234 τᾶμ’
932 1161 1277 1234 ἀθυμήσαντ’
1309 1170 1446 1237 ἴδῃς,

293 1247 362 1302 σύ
393 1270 500 1318 μου
525 1246 583 1302 τὸ
609 1246 796 1303 δεινὸν
819 1249 910 1302 καὶ
937 1249 1250 1319 διαφθαρὲν
1276 1256 1501 1320 φρενῶν

295 1340 537 1402 ἴσχναινε
561 1338 898 1403 παραμυθοῦ
922 1329 982 1387 θ’
1002 1351 1013 1361 ·
1042 1329 1173 1389 ὅταν
1201 1333 1261 1388 δὲ
1284 1332 1353 1389 σὺ
1380 1337 1587 1408 στένῃς,

293 1413 431 1487 ἡμᾶς
456 1416 727 1486 παρόντας
754 1416 854 1486 χρή
879 1434 939 1471 σε
966 1426 1256 1472 νουθετεῖν
1283 1424 1442 1488 φίλα·

292 1503 599 1569 ἐπικουρίαι
624 1497 726 1572 γὰρ
752 1504 870 1555 αἵδε
895 1514 1005 1565 τοῖς
1030 1507 1209 1571 φίλοις
1231 1509 1410 1558 καλαί.
1663 1519 1749 1562 300

291 1580 409 1639 ἀλλ’
458 1577 502 1640 αἶ
526 1584 779 1654 τάλαινα,
807 1590 949 1655 βᾶσα
974 1585 1241 1656 δωμάτων
1265 1592 1368 1642 ἔσω

291 1665 449 1742 ὕπνῳ
473 1665 521 1723 τ’
551 1665 767 1724 ἄυπνον
794 1671 1079 1741 βλέφαρον
1105 1673 1395 1726 ἐκταθεῖσα
1421 1670 1529 1742 δός,

289 1752 441 1807 σῖτόν
465 1750 512 1808 τ’
541 1749 721 1825 ὄρεξαι
748 1754 953 1824 λουτρά
976 1752 1024 1808 τ’
1054 1757 1316 1826 ἐπιβαλοῦ
1340 1761 1476 1828 χροΐ.

291 1842 341 1891 εί
358 1834 460 1907 γὰρ
485 1844 799 1908 προλείψεις
823 1835 881 1908 μ’
912 1834 948 1908 ἦ
984 1845 1283 1911 προσεδρίᾳ
1319 1842 1489 1895 νόσον

289 1921 475 1991 κτήσει
497 1919 623 1991 τιν’,
653 1922 974 1992 οἰχόμεσθα·
1001 1923 1061 1977 σε
1085 1922 1188 1995 γὰρ
1218 1930 1318 1994 ἔχω
1343 1923 1518 1996 μόνην
1661 1941 1745 1984 305

289 2007 610 2076 ἐπίκουρον,
638 2004 819 2062 ἄλλων
844 2003 914 2070 ὡς
939 2003 1067 2079 ὁρᾷς
1093 2013 1288 2079 ἔρημος
1313 2006 1406 2064 ὤν.

290 2086 390 2143 οὐκ
415 2094 526 2145 ἔστι
543 2109 553 2119 ·
582 2089 688 2145 σὺν
711 2093 797 2146 σοὶ
819 2093 911 2146 καὶ
935 2099 1132 2147 θανεῖν
1157 2093 1447 2164 αἱρήσομαι

286 2175 375 2228 καὶ
399 2179 519 2245 ζῆν·
553 2180 659 2245 ἔχει
685 2174 787 2246 γὰρ
815 2172 1044 2230 ταύτόν·
1073 2173 1141 2246 ἢν
1166 2176 1235 2231 σὺ
1266 2177 1561 2251 κατθάνῃς,

286 2257 426 2328 γυνὴ
451 2265 507 2313 τί
527 2259 737 2331 δράσω;
764 2266 876 2325 πῶς
902 2259 1039 2332 μόνη
1066 2261 1405 2333 σωθήσομαι,

288 2338 595 2414 ἀνάδελφος
621 2341 840 2415 ἀπάτωρ
870 2342 1094 2415 ἄφιλοςς
1125 2351 1175 2400 εί
1196 2346 1256 2401 δὲ
1282 2348 1367 2401 σοὶ
1393 2351 1560 2415 δοκεῖ,
1659 2361 1745 2403 310

288 2430 426 2495 δρᾶν
448 2425 549 2499 χρὴ
573 2425 714 2483 τάδ’.
747 2425 883 2482 ἀλλὰ
909 2436 1100 2484 κλῖνον
1126 2435 1202 2494 εἰς
1229 2428 1399 2500 εὐνὴν
1424 2432 1606 2501 δέμας,

286 2510 376 2563 καὶ
399 2509 470 2580 μὴ
496 2510 554 2566 τὸ
586 2519 831 2583 ταρβοῦν
860 2510 1184 2582 κάκφοβοῦν
1213 2510 1265 2567 σ’
1296 2516 1354 2568 ἐκ
1380 2518 1621 2584 δεμνίων

285 2590 424 2663 ἄγαν
449 2591 746 2666 ἀποδέχου,
773 2598 902 2667 μένε
933 2593 983 2651 δ’
1013 2597 1100 2651 ἐπὶ
1127 2604 1371 2669 στρωτοῦ
1399 2600 1606 2669 λέχους.

283 2682 389 2735 κᾶν
414 2681 484 2751 μὴ
510 2690 678 2754 νοσῇς
705 2687 834 2752 γάρ,
863 2683 1000 2737 ἀλλὰ
1027 2686 1259 2751 δοξάζεις
1283 2698 1470 2740 νοσεῖν

285 2766 544 2834 [κάματος
569 2770 850 2834 βροτοῖσιν
877 2766 1077 2836 ἀπορία
1103 2788 1159 2822 τε
1183 2764 1470 2838 γίγνεται]
1659 2783 1741 2822 315

227 2855 394 2890 EVRIP.
420 2855 535 2889 VOL.
565 2843 634 2888 II.
1431 2842 1490 2891 17
