2018 3117
130 218 181 267 Κ
183 219 239 267 Ρ.

129 303 173 350 E
182 303 238 350 T.

129 386 183 434 K
190 387 239 434 Ρ.

775 75 1148 124 ΦΟΙΝΙΣΣΑΙ
1674 83 1775 134 423

315 215 406 269 καὶ
430 215 860 286 ξυστρατήγους·
890 212 966 280 εἷς
990 215 1043 272 δ’
1071 215 1211 291 ἀνὴρ
1238 216 1304 274 οὐ
1332 218 1508 276 πάνθ’
1540 220 1657 297 ὁρᾷ.
1693 238 1776 282 745

308 298 507 371 θάρσει
533 305 833 370 προκρίνας
861 296 897 370 ἦ
921 308 1147 373 φρενῶν
1173 301 1466 378 εὐβουλίας

317 379 654 453 ἀμφότερον·
682 381 1027 455 ἀπολειφθὲν
1051 385 1155 460 γὰρ
1181 385 1349 443 οὐδὲν
1372 389 1614 463 θάτερον

306 472 454 521 ἔσται
479 464 600 522 τάδ’
620 486 631 495 ·
658 465 842 523 ἐλθῶν
867 473 899 522 δ
907 466 919 485 ⁷
950 470 1303 545 ἑπτάπυργον
1327 475 1381 536 ἐς
1405 473 1566 531 πόλιν

312 551 449 617 τάξω
473 551 738 622 λοχαγοὺς
760 550 896 623 πρὸς
919 553 1206 626 πύλαισιν,
1235 553 1305 622 ὠς
1328 559 1520 629 λέγεις,

311 642 463 700 ἴσους
488 644 652 690 ἴσοισι
677 643 1020 706 πολεμίοισιν
1044 636 1306 705 ἀντιθείς.
1691 657 1774 702 750

310 720 496 787 νέμειν
521 721 573 772 δ’
600 722 831 774 ἕκαστον
857 724 1143 793 διατριβὴν
1168 729 1377 797 πολλὴν
1403 735 1537 801 ἔχει,

310 806 528 873 ἐχθρῶν
551 800 648 858 ὑπ’
679 802 864 869 αὐτοῖς
890 813 1124 876 τείχεσιν
1148 813 1496 881 καθημένων.

305 884 425 941 ἀλλ’
460 885 587 958 εἶμ’,
613 884 758 953 ὅπως
787 884 856 943 ἂν
879 889 950 961 μὴ
979 899 1336 964 καταργῶμεν
1357 898 1503 967 χέρα.

303 976 400 1026 καί
422 995 513 1042 μοι
535 970 736 1042 γένοιτ’
766 969 1012 1045 ἀδελφὸν
1036 973 1242 1048 ἀντήρη
1268 985 1460 1048 λαβεῖν

304 1056 395 1110 καὶ
420 1058 758 1122 ξυσταθέντα
783 1056 875 1113 διὰ
903 1058 1070 1130 μάχης
1096 1063 1241 1116 ἑλεῖν
1267 1067 1406 1134 δορί.
1685 1080 1767 1124 755

307 1140 513 1210 γάμους
540 1138 593 1195 δ’
625 1138 869 1212 ἀδελφῆς
892 1140 1207 1216 ’Λντιγόνης
1235 1147 1432 1212 παιδός
1456 1170 1514 1203 τε
1538 1155 1640 1205 σοῦ

302 1229 569 1295 Αἴμονος,
601 1225 697 1280 ἐάν
720 1250 771 1281 τι
795 1233 889 1297 τῆς
913 1228 1077 1300 τύχης
1102 1228 1206 1300 ἐγώ
1235 1238 1446 1302 σφαλῶ,

301 1310 386 1364 σοὶ
410 1308 512 1380 χρὴ
541 1312 806 1380 μέλεσθαι
823 1330 833 1339 ·
860 1310 960 1383 τὴν
989 1313 1145 1368 δόσιν
1169 1319 1203 1369 δ
1210 1312 1222 1332 ’
1252 1318 1516 1387 ἐχέγγυον

298 1391 399 1463 τὴν
422 1392 635 1466 πρόσθε
665 1400 805 1450 ποιῶ
830 1402 937 1451 νῦν
961 1395 1048 1452 ἐπ’
1079 1399 1284 1464 ἐξόδοις
1308 1404 1474 1471 ἐμαῖς.
1681 1419 1765 1463 760

298 1481 526 1548 μητέρος
563 1479 799 1549 ἀδελφὸς
837 1480 905 1534 εἷ·
980 1488 1039 1537 τί
1064 1487 1154 1538 δεῖ
1172 1498 1572 1558 μακρηγορεῖν;

302 1559 460 1633 τρέφ’
495 1559 655 1629 ἀξίως
682 1586 774 1618 νιν
798 1571 899 1620 σοῦ
925 1588 982 1621 τε
1012 1567 1112 1638 τήν
1138 1566 1186 1622 τ’
1215 1568 1350 1640 ἐμὴν
1371 1570 1548 1642 χάριν.

298 1643 474 1718 πατὴρ
500 1644 551 1701 δ’
582 1650 634 1711 ἐς
658 1644 830 1702 αὑτὸν
855 1647 1101 1720 ἀμαθίαν
1126 1650 1468 1726 ὀφλισκάνει,

296 1727 428 1795 ὄψιν
451 1731 770 1802 τυφλώσας·
799 1730 901 1789 οὐκ
926 1732 1067 1806 ἄγαν
1094 1735 1191 1808 σφ’
1222 1738 1485 1811 ἐπῄνεσα·

294 1811 436 1886 ἡμᾶς
464 1812 513 1869 τ’
544 1812 794 1888 ἀραῖσιν,
823 1814 895 1888 ἦν
917 1819 1081 1892 τύχῃ,
1109 1837 1446 1880 κατακτενεῖ.
1677 1840 1760 1886 765

294 1895 356 1953 ἓν
381 1896 434 1954 δ’
458 1904 605 1957 ἐστὶν
631 1908 762 1974 ἡμῖν
787 1906 985 1976 ἀργόν,
1019 1913 1073 1960 εἴ
1101 1930 1151 1961 τι
1178 1908 1463 1979 θέσφατον

293 1983 653 2054 οἰωνόμαντις
684 1992 964 2057 Τειρεσίας
989 1995 1097 2059 ἔχει
1124 1991 1348 2063 φράσαι,

293 2064 450 2122 τοῦδ’
479 2071 826 2125 ἐκπυθέσθαι
851 2071 1006 2128 ταῦτ’
1025 2092 1036 2102 ·
1066 2074 1171 2145 ἐγώ
1198 2076 1259 2131 δὲ
1283 2082 1452 2132 παῖδα
1478 2077 1578 2134 σὸν

299 2156 575 2208 Μενοικέα
598 2160 700 2209 σοῦ
725 2155 928 2228 πατρὸς
952 2155 1356 2232 αὐτεπώνυμον

290 2236 488 2300 ἄξοντα
525 2242 717 2307 πέμψω
772 2245 939 2314 δεῦρο
971 2250 1275 2316 Τειρεσίαν,
1301 2248 1512 2317 Κρέον·
1670 2261 1753 2306 770

286 2322 369 2375 σοὶ
396 2321 498 2391 μὲν
522 2320 626 2394 γὰρ
651 2321 788 2394 ἡδὺς
815 2331 890 2390 εἰς
913 2327 1111 2397 λόγους
1136 2326 1385 2398 ἀφίξεται
1403 2347 1413 2358 ·

287 2403 392 2474 ἐγώ
420 2406 481 2461 δὲ
504 2409 701 2478 τέχνην
723 2409 993 2480 μαντικὴν
1022 2413 1345 2484 ἐμεμψάμην

282 2485 389 2560 ἤδη
416 2488 550 2561 πρὸς
578 2488 779 2562 αὐτόν,
809 2491 946 2549 ῶστε
972 2518 1065 2565 μοι
1090 2495 1310 2568 μομφὰς
1336 2503 1496 2568 ἔχειν.

282 2573 438 2628 πόλει
464 2574 525 2630 δὲ
548 2577 637 2631 καὶ
665 2575 928 2632 σοὶ“ταῦτ’
956 2581 1296 2652 ἐπισκήπτω,
1330 2585 1532 2654 Κρέον·

287 2653 458 2729 ἤνπερ
488 2660 730 2732 κρατήσῃ
758 2657 924 2732 τάμά,
955 2669 1337 2732 Πολυνείκους
1360 2668 1533 2724 νέκυν
1664 2682 1747 2728 775

275 2855 462 2893 κτανεῖν
493 2849 547 2894 θ’
582 2847 633 2901 ὃς
662 2845 781 2904 ἦλθε
812 2856 1015 2907 πατρίδα
1047 2855 1306 2912 πορθήσων
1339 2854 1469 2912 ἐμήν.
1657 2866 1744 2907 756
