2018 3117
231 88 332 138 302

899 91 1212 137 ΟΡΕΣΤΗΣ

231 236 356 286 ΑΠ.
423 231 706 299 ΛἎενέλαε,
736 235 944 285 παῦσαι
968 226 1096 301 λῆμ’
1128 237 1267 301 ἔχων
1290 234 1649 304 τεθηγμένον,
1775 246 1881 290 1625

423 312 624 384 Φοῖβός
649 310 701 368 σ’
731 310 757 369 ὁ
783 320 999 385 Λητοῦς
1023 328 1149 379 παῖς
1177 311 1262 370 ὅδ’
1293 315 1455 386 ἐγγὺς
1481 313 1560 372 ὦν
1583 322 1749 380 καλῶ,

423 395 493 453 σύ
517 395 579 452 θ’
609 394 668 463 ὃς
691 397 923 469 ξιφήρης
947 396 1067 471 τῇδ’
1098 399 1416 470 ἐφεδρεύεις
1440 401 1577 473 κόρῃ

417 479 659 553 Ὀρέσθ’,
687 479 762 537 ἵν’
792 487 940 555 εἰδῇς
965 480 1061 548 οὓς
1089 485 1276 555 φέρων
1301 481 1415 555 ἥκω
1441 483 1654 555 λόγους.

416 564 639 637 Ἑλένην
663 567 762 638 μὲν
787 564 856 638 ἣν
881 566 950 622 σὺ
976 570 1218 623 διολέσαι
1242 568 1530 641 πρόθυμος
1555 565 1633 623 ὢν

423 647 684 724 ἥμαρτες,
711 648 884 723 ὀργὴν
906 655 1174 726 Μενέλεῳ
1199 653 1543 725 ποιούμενος,
1772 668 1882 712 1630

424 731 534 806 [ἥδ’
565 739 729 806 ἐστίν,
756 733 826 806 ἣν
850 733 1002 807 ὁρᾶτ’
1033 741 1092 792 ἐν
1119 740 1342 811 αἰθέρος
1368 743 1633 809 πτυχαῖς,]

423 823 735 891 σεσωσμένη
761 844 819 876 τε
844 819 945 877 κού
970 828 1223 877 θανοῦσα
1247 822 1381 895 πρὸς
1406 825 1589 879 σέθεν.

427 904 533 975 ἐγώ
555 929 645 961 νιν
670 907 904 972 έξέσωσα
927 904 1067 962 κάπὸ
1096 907 1383 978 φασγάνου

424 996 521 1045 τοῦ
547 995 649 1045 σοῦ
674 992 995 1055 κελευσθεὶς
1019 988 1220 1062 ἤρπασ’
1251 996 1309 1048 ἐκ
1334 991 1471 1057 Διὸς
1496 991 1714 1064 πατρός.

422 1072 600 1145 Ζηνὸς
625 1073 729 1146 γὰρ
755 1067 928 1130 οὖσαν
953 1081 1048 1146 ζῆν
1073 1099 1164 1130 νιν
1189 1074 1433 1148 ἄφθιτον
1455 1076 1650 1148 χρεών,
1774 1090 1883 1134 1635

422 1158 671 1228 Κάστορί
689 1182 746 1214 τε
768 1159 1118 1215 Πολυδεύκει
1143 1158 1192 1214 τ’
1220 1164 1280 1216 έν
1305 1163 1527 1233 αἰθέρος
1552 1175 1779 1232 πτυχαῖς

420 1242 702 1308 σύνθακος
727 1249 902 1314 ἔσται,
930 1250 1208 1310 ναυτίλοις
1236 1245 1515 1317 σωτήριος.

426 1324 598 1399 ἄλλην
626 1328 687 1383 δὲ
710 1327 939 1400 νύμφην
968 1335 1042 1394 εἰς
1068 1328 1270 1400 δόμους
1295 1335 1486 1401 κτῆσαι
1511 1330 1714 1402 λαβεόν,

426 1415 543 1467 ἐπεὶ
568 1415 690 1468 θεοὶ
716 1419 789 1488 τῷ
814 1418 978 1485 τῆσδε
1001 1413 1422 1486 καλλιστεύματι

411 1493 676 1568 ’Έλληνας
705 1505 779 1563 εἰς
807 1495 867 1554 ἓν
890 1501 982 1554 καὶ
1007 1498 1230 1570 Φρύγας
1255 1499 1582 1571 ξυνήγαγον,
1775 1513 1884 1557 1640

422 1581 701 1647 θανάτους
726 1581 773 1638 τ’
805 1589 1040 1654 ἔθηκαν,
1069 1581 1139 1648 ὠς
1165 1581 1494 1640 ἀπαντλοῖεν
1516 1583 1718 1654 χθονὸς

426 1662 664 1738 ὕβρισμα
689 1674 915 1739 θνητῶν
940 1666 1200 1739 άφθόνου
1227 1668 1599 1740 πληρώματος.

425 1749 489 1805 τὰ
513 1752 614 1822 μὲν
640 1750 772 1808 καθ’
796 1751 1018 1824 Ἑλένην
1044 1747 1144 1809 <56⁹
1175 1759 1306 1823 ἔχει’
1338 1754 1397 1809 σὲ
1423 1750 1476 1808 δ’
1506 1745 1580 1808 αὖ
1602 1754 1798 1825 χρεών,

418 1831 669 1908 Ὀρέστα,
697 1844 854 1908 γαίας
878 1836 1032 1909 τῆσδ’
1064 1835 1442 1909 ὑπερβαλόνθ’
1472 1833 1637 1909 ὅρους

424 1922 747 1994 Παρράσιον
774 1929 946 1978 οἰκεῖν
973 1923 1215 1979 δάπεδον
1242 1927 1499 1979 ἐνιαυτοῦ
1526 1921 1748 1979 κύκλον.
1775 1937 1886 1981 1645

424 2006 742 2077 κεκλήσεται
769 2008 829 2064 δὲ
853 2013 947 2078 σῆς
974 2014 1154 2079 φυγῆς
1180 2006 1472 2079 ἐπώνυμον

421 2086 632 2157 Ἀζᾶσιν
651 2088 907 2161 Ἀρκάσιν
932 2090 984 2146 τ’
1008 2090 1313 2162 Ὀρέστειον
1336 2098 1577 2162 [καλεῖν].

426 2176 658 2230 ἐνθένδε
684 2173 736 2230 δ’
765 2175 949 2231 ἐλθών
975 2175 1074 2247 τὴν
1093 2175 1408 2247 Ἀθηναίων
1432 2176 1595 2232 πόλιν

424 2262 587 2330 δίκην
611 2257 844 2332 ὑπόσχες
879 2265 1099 2332 αἳματος
1123 2259 1495 2333 μητροκτόνου

423 2340 695 2414 Εὐμενίσι
720 2359 962 2416 τρισσαῖς
979 2364 989 2374 “
1017 2347 1144 2401 θεοὶ
1170 2346 1235 2400 δέ
1255 2363 1341 2400 σοι
1369 2349 1524 2416 δίκης
1538 2347 1752 2417 βραβῆς
1776 2359 1886 2403 1650

426 2428 683 2499 πάγοισιν
709 2434 768 2487 ἐν
786 2428 1076 2502 Ἀρείοισιν
1102 2427 1498 2500 εὐσεβεστάτην

423 2518 613 2584 ψῆφον
638 2512 926 2585 διοι’σουσ’,
955 2520 1093 2570 ἔνθα
1118 2519 1343 2586 νικῆσαί
1371 2531 1432 2569 σε
1455 2513 1575 2585 χρή.

424 2594 514 2668 ἐφ’
544 2591 606 2668 ἧς
632 2597 684 2655 δ’
715 2606 877 2672 ἔχεις,
899 2597 1146 2671 Ὀρέστα,
1174 2598 1460 2670 φάσγανον
1486 2601 1636 2671 δέρῃ,

427 2687 596 2752 γῆμαι
620 2687 905 2757 πέπρωταί
925 2682 977 2740 σ’
1011 2682 1328 2756 Ἑρμιόνην·
1356 2680 1414 2748 ὃς
1443 2681 1496 2739 δ’
1526 2691 1694 2740 οἴεται

423 2767 808 2840 Νεοπτόλεμος
835 2783 1029 2841 γαμεῖν
1052 2793 1170 2839 νιν,
1198 2765 1264 2823 οὐ
1291 2781 1457 2839 γαμεῖ
1476 2790 1621 2824 ποτε.
1777 2779 1885 2824 1655

426 2858 624 2909 θανεῖν
649 2853 751 2926 γὰρ
777 2851 926 2928 αὐτῷ
973 2867 1136 2926 μοῖρα
1159 2858 1425 2928 Δελφικῷ
1451 2855 1616 2925 ξίφει,
