2018 3117
215 91 284 143 42
598 93 977 148 ΙΦΙΓΕΝΕΙΑ
1013 93 1071 138 Η
1100 93 1201 139 ΕΝ
1231 93 1489 139 ΑΥΛΙΔΙ

409 225 477 290 οὗ
503 252 588 289 σοι
613 239 1052 303 καταλλαχθεῖσα
1071 233 1197 304 περὶ
1221 232 1281 287 σὲ
1303 234 1395 288 καὶ
1422 231 1626 305 δόμους

407 317 886 390 συμμαρτυρήσεις
912 314 985 382 ὡς
1011 315 1288 389 ἄμεμπτος
1312 309 1347 388 ἦ
1371 322 1516 390 γυνή
1529 362 1543 390 ,

406 412 484 469 εἰς
507 400 553 458 τ’
586 399 924 475 Ἀφροδίτην
949 406 1323 473 σωφρονοῦσα
1347 403 1440 457 καὶ
1463 401 1523 458 τὸ
1549 401 1651 460 σὸν

405 490 690 560 μέλαθρον
715 484 941 555 αὕξουσ’
959 531 972 557 ,
1001 484 1139 543 ὥστε
1164 483 1216 541 σ’
1247 486 1486 542 εἰσιόντα
1509 510 1566 542 τε
1765 500 1875 548 1160

408 580 619 643 χαίρειν
642 571 854 643 θύραζέ
872 570 916 627 τ’
947 569 1147 639 ἐξιόντ’
1177 567 1548 642 εὐδαιμονεῖν.

406 658 641 713 σπάνιον
667 658 728 713 δὲ
751 654 992 730 θήρευμ’
1022 654 1185 725 ἀνδρὶ
1209 655 1471 728 τοιαύτην
1495 663 1689 728 λαβεῖν

408 743 682 814 δάμαρτα·
718 742 976 814 φλαύραν
1002 746 1033 797 δ
1041 739 1053 759 '
1084 738 1150 796 ού
1176 740 1373 806 σπάνις
1396 739 1618 812 γυναῖκ’
1647 748 1808 813 ἔχειν.

407 834 570 884 τίκτω
597 824 649 882 δ’
680 830 767 883 ἐπὶ
791 827 935 897 τρισὶ
959 828 1291 897 παρθένοισι
1315 826 1485 882 παῖδά
1510 844 1595 882 σοι

411 910 587 983 τόνδ’,
615 904 696 968 ὦν
720 918 846 984 μιᾶς
869 909 939 967 σὺ
965 910 1247 983 τλημόνως
1270 908 1328 982 μ’
1358 908 1693 982 ἀποστερεῖς.
1768 923 1877 969 1165

409 995 514 1054 κε’ἑν
538 1003 618 1062 τίς
642 994 693 1053 σ’
724 1003 910 1068 ἔρηται
934 1003 1081 1061 τίνος
1109 999 1265 1052 ἕκατί
1282 1019 1374 1051 νιν
1397 1008 1623 1067 κτενεῖς,

409 1085 581 1153 λέξον,
611 1088 670 1138 τί
689 1083 912 1154 φήσεις;
941 1077 1079 1153 ἦ’μὲ
1101 1079 1203 1153 χρὴ
1230 1082 1412 1151 λέγειν
1437 1079 1502 1136 τὰ
1527 1081 1623 1148 σάς

401 1165 623 1239 Ἑλένην
646 1169 942 1231 ΖᾺενέλεως
967 1171 1056 1221 ἵνα
1081 1166 1237 1237 λάβῃ.
1263 1164 1434 1220 καλόν
1457 1167 1523 1236 γέ
1541 1188 1625 1221 τοι

410 1258 580 1323 κακῆς
603 1251 868 1324 γυναικὸς
891 1249 1099 1322 μισθὸν
1124 1247 1377 1305 ἀποτῖσαι
1401 1252 1583 1306 τέκνα.

407 1335 672 1407 τᾶχθιστα
695 1349 836 1392 τοῖσι
863 1335 1145 1407 φιλτάτοις
1171 1332 1486 1406 ὠνούμεθα.
1767 1346 1877 1394 1170

408 1419 520 1493 ἄγ’,
547 1417 617 1493 ἢν
641 1420 947 1493 στρατεύσῃ
971 1419 1290 1476 καταλιπών
1312 1416 1369 1491 μ’
1401 1422 1460 1475 ἐν
1485 1419 1751 1491 δώμασιν,

408 1503 570 1562 κάκεῖ
588 1505 795 1578 γενήσῃ
839 1504 931 1562 διὰ
955 1511 1165 1576 μακρᾶς
1191 1501 1478 1574 ἀπουσίας,

407 1588 516 1648 τίν’
546 1594 606 1647 ἐν
631 1590 818 1662 δόμοις
842 1613 908 1662 με
934 1594 1170 1661 καρδίαν
1195 1592 1337 1656 ἕξειν
1364 1593 1563 1659 δοκεῖς,

408 1674 541 1733 ὅταν
565 1675 812 1747 θρόνους
836 1671 991 1747 τῆσδ’
1026 1679 1212 1730 εἰσίδω
1238 1674 1443 1738 πάντας
1468 1673 1680 1744 κενούς,

408 1760 605 1827 κενοὺς
629 1752 690 1817 δὲ
714 1765 1080 1832 παρθενῶνας
1097 1803 1109 1827 ,
1136 1760 1225 1815 ἐπὶ
1251 1758 1311 1814 δὲ
1329 1758 1593 1830 δακρύοις
1766 1768 1878 1815 1175

409 1851 548 1919 μόνη
574 1851 844 1918 κάθωμαι,
867 1841 1032 1916 τήνδε
1055 1840 1414 1919 θρηνῳδοῦσ’
1445 1840 1556 1899 ἆεί·

411 1930 694 1988 ἀπώλεσέν
720 1927 794 2000 σ’,
823 1923 866 1985 ὦ
890 1932 1110 2000 τέκνον,
1137 1927 1165 1985 ὁ
1193 1928 1473 2000 φυτεύσας
1492 1927 1686 2000 πατήρ,

408 2014 574 2080 αὐτὸς
597 2014 842 2085 κτανών,
869 2010 970 2070 οὐκ
996 2012 1159 2079 ἄλλος
1183 2010 1308 2069 οὐδ’
1337 2010 1474 2086 ἄλλῃ
1498 2018 1635 2085 χερί,

413 2101 629 2157 τοιόνδε
653 2098 860 2172 μισθὸν
885 2098 1203 2156 καταλιπων
1228 2096 1364 2171 πρὸς
1389 2096 1518 2163 τοὺς
1543 2096 1768 2168 δόμους.

410 2187 527 2242 ἐπεὶ
553 2191 809 2257 βραχείας
834 2184 1160 2256 προφάσεως
1185 2188 1297 2240 ἔδει
1323 2182 1513 2254 μόνον,
1769 2193 1878 2237 1184]

411 2268 501 2342 ἐφ’
530 2263 565 2343 ᾗ
588 2268 641 2326 σ’
674 2268 779 2341 ε’γω
805 2271 897 2324 καὶ
923 2274 1113 2334 παῖδες
1143 2273 1204 2324 αἱ
1223 2270 1568 2338 λελειμμέναι

411 2355 683 2425 δεξόμεθα
708 2357 856 2422 δέξιν
882 2351 952 2425 ἦν
968 2372 1029 2409 σε
1054 2357 1318 2421 δέξασθαι
1342 2352 1536 2423 χρεών.

413 2439 484 2512 μὴ
512 2445 648 2511 δῆτα
673 2438 808 2509 πρὸς
831 2444 986 2494 θεῶν
1015 2436 1141 2510 μήτ’
1172 2435 1484 2510 ἀναγκάσῃς
1509 2435 1600 2508 ἐμὲ

412 2523 587 2596 κακὴν
610 2527 873 2595 γενέσθαι
892 2525 1019 2595 περὶ
1043 2526 1130 2594 σέ,
1156 2519 1280 2594 μήτ’
1314 2518 1480 2586 αὐτὸς
1502 2522 1653 2593 γένῃ.

416 2609 552 2665 εἶεν·

411 2693 605 2759 θύσεις
630 2692 691 2748 δὲ
714 2691 815 2763 τὴν
839 2689 993 2748 παῖδ’
1011 2711 1023 2722 ·
1053 2699 1194 2748 ἔνθα
1215 2697 1370 2756 τίνας
1396 2688 1559 2761 εὐχὰς
1583 2691 1877 2760 ἐρεῖςςΠΒό

413 2787 470 2834 τί
489 2796 575 2834 σοι
600 2777 850 2843 κατεύξει
875 2774 1151 2849 τάγαθόν,
1177 2776 1401 2847 σφάζων
1423 2777 1653 2842 τέκνον,

413 2863 612 2919 νόστον
638 2860 913 2933 πονηρόν,
939 2863 1167 2918 οἴκοθέν
1191 2857 1244 2931 γ’
1274 2866 1508 2932 αἰσχρῶς
1534 2861 1664 2915 ἰῶνι
