2018 3117
465 99 840 145 ΙΦΙΓΕΝΕΙΑ
875 98 934 144 Η
962 99 1060 145 ΕΝ
1094 98 1350 144 AYAIAI
1663 94 1725 147 57

267 233 441 308 ἡδέως
465 259 522 292 τε
545 234 697 292 τοῦτ’
726 238 942 303 ἐδέξατο
959 279 973 307 ,
999 238 1092 291 καὶ
1118 242 1295 293 πλοῦν
1320 233 1518 309 οῦριον

269 325 502 377 δίδωσιν
526 317 662 392 ἡμῖν
690 317 855 376 Ἰλίου
881 317 930 375 τ’
960 321 1274 393 ἐπιδρομάς.

269 403 406 477 πρὸς
429 411 601 461 ταῦτα
627 411 730 469 πᾶς
755 427 836 469 τις
859 404 1069 476 θάρσος
1093 405 1214 477 αἶρε
1239 405 1534 477 ναυβάτης,

265 511 431 560 χωρει
455 512 512 545 τε
538 510 676 560 προς
700 494 870 544 ναῦν”
900 485 972 553 ὧς
995 485 1171 563 ἡμέρα
1195 495 1326 562 τῇδε
1352 495 1440 545 δεῖ

267 573 526 638 λιπόντας
549 571 688 645 ἡμᾶς
711 571 956 637 Αὐλίδος
982 579 1202 639 κοίλους
1227 572 1434 645 μυχούς
1620 589 1727 632 1600

265 666 501 729 Αἴγαιον
526 658 689 728 οἶδμα
715 662 1000 728 διαπερᾶν.
1029 660 1146 713 ἐπεὶ
1172 657 1223 714 δ’
1254 655 1399 714 ἅπαν

264 742 711 814 κατηνθρακώθη
737 739 880 813 θῦμ’
912 745 972 797 ἐν
997 739 1301 843 “Ηφαίστου
1329 749 1513 815 φλογί.

265 825 328 882 τὰ
352 823 631 898 πρόσφορ’
661 824 901 898 ηύξαθ’,
931 850 1002 891 ως
1028 827 1181 928 τύχοι
1216 827 1421 883 νόστου
1458 828 1703 900 στρατός.

264 913 460 981 πέμπει
522 908 579 966 δ’
646 907 998 983 Ἀγαμέμνων
1054 909 1111 983 μ’
1177 908 1315 968 ω’στε
1373 929 1460 967 σοι
1519 912 1725 984 φράσαι

820 996 965 1065 τάδε,

262 1080 445 1151 λέγειν
469 1076 532 1134 θ’
563 1077 757 1145 ὁποίας
783 1083 841 1136 ἐκ
866 1087 1019 1136 θεῶν
1043 1086 1238 1151 μοίρας
1262 1094 1427 1151 κυρεῖ
1618 1096 1724 1140 1605

262 1166 355 1219 καὶ
381 1164 547 1230 δόξαν
573 1170 729 1235 ἔσχεν
755 1162 998 1236 ἄφθιτον
1022 1161 1155 1221 καθ’
1193 1161 1438 1220 Ἑλλάδα.

263 1246 368 1319 ἐγώ
396 1248 589 1321 παρών
615 1249 675 1304 δὲ
700 1251 792 1304 καὶ
816 1249 874 1305 τὸ
903 1247 1098 1321 πρᾶγμ’
1130 1246 1279 1350 ὁρῶν
1303 1252 1471 1321 λέγω·

262 1330 295 1404 ἡ
321 1345 446 1397 παῖς
470 1339 660 1403 σαφῶς
685 1352 772 1389 σοι
796 1332 932 1406 πρὸς
955 1332 1126 1398 θεοὺς
1151 1330 1437 1404 ἀφίπτατο.

264 1417 439 1499 λύπης
466 1415 518 1472 δ’
550 1415 775 1507 αφαίρει
799 1420 891 1473 καὶ
916 1419 1073 1474 πόσει
1097 1418 1264 1488 πάρες
1289 1417 1481 1511 χόλον·

263 1476 648 1573 ἀπροσδόκητα
674 1502 734 1558 δε
719 1481 1096 1573 “ss90v22‘mffvssc'
1120 1494 1231 1557 τῖῗν
1257 1485 1426 1573 θεων,
1613 1518 1720 1563 1610

213 1592 232 1654 s
261 1583 1008 1662 GQ'EQQQQ.
1036 1610 1180 1657 ημαρ
1206 1586 1308 1657 γὰρ
1335 1587 1460 1643 τόδε

75 1761 186 1811 XO.

75 1928 186 1979 ΚΛ.

74 2268 185 2317 XO.

76 2437 237 2486 ΑΓΛ.

259 1676 548 1726 θανοῦσαν
575 1670 685 1726 εἶδε
709 1673 800 1726 καὶ
823 1673 1138 1742 βλέπουσαν
1162 1676 1331 1727 παῖδα
1357 1672 1475 1742 σήν.

262 1753 332 1820 ὡς
358 1751 566 1826 ἥδομαί
585 1778 668 1811 τοι
693 1753 849 1811 ταῦτ’
879 1753 1145 1811 άκούσασ’
1176 1753 1445 1827 ἀγγέλου·

260 1846 366 1908 ζῶν
392 1837 442 1893 δ’
473 1842 532 1895 ἐν
556 1849 739 1896 θεοῖσι
764 1838 865 1896 σὸν
889 1842 1078 1912 μένειν
1111 1841 1302 1911 φράζει
1327 1844 1497 1905 τέκος.

260 1917 303 1979 ὦ
328 1936 451 1994 παῖ,
478 1930 630 1979 θεῶν
655 1931 753 1980 τοῦ
777 1928 985 1997 κλέμμα
1009 1926 1268 1995 γέγονας;
1613 1942 1719 1985 1615

259 2015 374 2073 πῶς
397 2026 458 2064 σε
483 2016 792 2081 προσείπω;
821 2016 935 2075 πῶς
973 2011 1029 2067 δ’
1062 2009 1126 2064 οὐ
1163 2015 1250 2079 φῶ

258 2101 715 2164 παραμυθεῖσθαι
738 2094 936 2150 τούσδε
961 2094 1137 2166 μάτην
1163 2094 1398 2166 μύθους,

260 2175 331 2243 ὥς
356 2196 456 2233 σου
481 2179 724 2243 πένθους
749 2185 961 2252 λυγροῦ
986 2186 1304 2250 παυσαίμαν
1319 2205 1333 2246 ;

258 2265 349 2318 καὶ
374 2260 482 2334 μὴν
510 2260 865 2335 Ἀγαμέμνων
892 2261 1024 2330 ἅναξ
1050 2270 1266 2335 στείχει,

259 2345 448 2403 τούσδ’
479 2345 679 2412 αὐτοὺς
704 2353 842 2419 ἔχων
865 2365 952 2404 σοι
979 2348 1205 2420 φράζειν
1228 2349 1463 2420 μύθους.
1608 2363 1716 2406 1620

260 2431 452 2503 γύναι,
480 2431 761 2505 θυγατρὸς
810 2431 956 2487 ἕνεκ’
1011 2430 1189 2502 ὄλβιοι
1213 2431 1497 2502 γενοίμεθ’
1521 2430 1616 2484 ἄν·

260 2521 368 2587 ἔχει
392 2515 496 2587 γὰρ
523 2513 695 2582 ὅντως
719 2520 779 2573 έν
803 2525 955 2581 θεοῖς
981 2513 1216 2587 ὁμιλίαν.

258 2598 360 2671 χρὴ
387 2603 453 2656 δέ
484 2617 544 2656 σε
569 2608 852 2674 λαβοῦσαν
877 2601 1037 2657 τόνδε
1063 2601 1267 2672 μόσχον
1293 2609 1525 2672 νεαγενῆ

260 2690 492 2756 στείχειν
537 2685 674 2754 πρὸς
719 2694 932 2750 οἴκους·
984 2683 1055 2749 ὡς
1092 2685 1322 2751 στρατὸς
1365 2682 1501 2758 πρὸς
1535 2691 1712 2740 πλοῦν

815 2793 936 2841 ορᾳ.
