2018 3117
132 2758 243 2807 XO.

810 81 944 126 ΡΗΣ
948 79 1038 125 ΟΣ
1653 72 1753 124 335

233 230 291 258 ‘s
296 223 594 296 ἐπτηξάτην
616 244 673 277 τε
696 220 1097 292 κάνεχωρείτην
1121 218 1285 273 πάλιν
1300 234 1311 245 ·
1674 228 1756 272 775

299 301 775 380 mfivoz'g
799 303 871 377 μὴ
897 303 1224 370 πελάζεσθαι
1249 305 1478 374 στρατῷ,

299 398 519 456 κλῶπας
543 390 774 462 δοκήσας
799 387 1095 459 συμμάχων
1120 385 1357 440 πλάθειν
1382 382 1548 448 τινάς.
1630 387 1713 429 s

301 481 358 533 οἳ
379 474 432 532 δ’
462 473 656 532 οὐδέν·
683 471 748 529 οὐ
772 472 880 544 μὴν
900 471 1022 528 οὐδ’
1043 469 1147 541 ε’γῶ
1173 468 1238 524 τὰ
1262 475 1508 538 πλείονα,

299 553 469 630 ηὗδον
495 557 546 615 δ’
576 556 837 615 άπελθῶν
861 547 1026 620 αὖθις
1052 559 1127 619 εἰς
1151 559 1340 624 κοίτην
1364 551 1546 608 πάλιν.

302 651 398 700 καί
417 668 508 716 μοι
531 641 665 699 καθ’
694 639 874 697 ὕπνον
899 639 1028 706 δόξα
1051 662 1129 703 τις
1152 644 1502 709 παρίσταται·
1677 650 1760 694 780

308 733 509 794 ἵππους
531 727 635 800 γὰρ
661 724 722 791 ἂς
747 731 959 797 ἔθρεψα
982 720 1433 794 κάδιφρηλάτουν

295 810 462 887 Ῥήσῳ
486 809 792 883 παρεστώς,
820 808 998 878 εἶδον,
1026 804 1097 872 ῶς
1120 804 1256 876 ὄναρ
1282 811 1479 875 δοκῶν,

304 897 506 961 λύκους
532 898 910 967 ἐπεμβεβῶτας
935 894 994 948 ἑδ
1034 897 1162 947 αίαν
1202 891 1271 946 'cb
1289 910 1366 946 ιν·
1456 914 1499 935 ν

302 987 558 1037 θείνοντε
582 985 614 1036 δ
621 978 634 998 '
663 977 804 1051 οὐρᾷ
828 983 1068 1048 πωλικῆς
1092 978 1251 1046 ῥινοῦ
1276 981 1448 1048 τρίχα,

307 1063 579 1136 ἤλαυνον,
606 1071 667 1120 αἳ
687 1061 738 1119 δ’
769 1068 1030 1133 ἔρρεγκον
1055 1063 1106 1126 ἐξ
1133 1063 1408 1131 ἀρτηριῶν
1681 1069 1771 1115 785

306 1147 493 1220 θυμὸν
517 1151 781 1205 πνέουσαι
805 1145 1176 1217 κάνεχαίτιζον
1202 1145 1396 1216 φόβην.

311 1233 415 1306 ἐγώ
443 1231 494 1289 δ’
524 1231 751 1304 ἀμύνων
774 1237 952 1302 θῆρας
976 1234 1312 1300 ἐξεγείρομαι

309 1318 597 1374 πώλοισιν·
626 1324 851 1387 ἔννυχος
875 1314 978 1388 γὰρ
1005 1313 1214 1384 ἐξώρμα
1240 1312 1427 1384 φόβος.

310 1402 459 1459 κλύω
485 1400 538 1457 δ’
567 1402 766 1474 ἐπάρας
790 1406 962 1471 κρᾶτα
985 1397 1299 1470 μυχθισμὸν
1322 1402 1553 1470 νεκρῶν.

307 1485 513 1559 θερμὸς
539 1487 599 1542 δὲ
622 1483 854 1557 κρουνὸς
879 1483 1148 1540 δεσπότου
1173 1480 1318 1554 παρὰ
1343 1492 1578 1552 σφαγαῖς
1684 1491 1768 1537 790

309 1572 498 1643 βάλλει
522 1595 588 1642 με
614 1574 1062 1640 δυσθνητοῦντος
1087 1571 1309 1637 αἳματος
1332 1568 1479 1621 νέου.

309 1653 480 1729 ὀρθὸς
511 1654 565 1710 δ’
594 1653 810 1729 ἀνάσσω
835 1654 975 1725 χειρὶ
1001 1651 1106 1707 σὺν
1130 1656 1263 1723 κενῇ
1288 1649 1465 1721 δορός.

310 1746 409 1796 καί
425 1738 485 1812 μ’
515 1746 666 1811 ἔγχος
691 1736 993 1810 αὐγάζοντα
1017 1739 1109 1792 καὶ
1132 1734 1461 1807 θηρῶμενον

312 1830 461 1880 παίει
485 1823 762 1896 παραστὰς
784 1835 975 1894 νεῖραν
1003 1828 1077 1886 εἰς
1103 1817 1349 1890 πλευρὰν
1372 1820 1519 1890 ξίφει

314 1906 450 1980 ἀνὴρ
477 1906 752 1979 ἀκμάζων·
781 1905 1068 1978 φασγάνου
1093 1903 1195 1976 γὰρ
1220 1901 1474 1976 ᾐσθόμην
1685 1912 1768 1957 795

313 1999 552 2064 πληγῆς,
579 2000 815 2064 βαθεῖαν
839 1988 1007 2047 ἄλοκα
1030 1989 1332 2062 τραύματος
1356 1986 1558 2059 λαβῶν.

315 2082 493 2133 πίπτω
521 2078 582 2133 δὲ
604 2076 837 2149 πρηνής·
867 2080 921 2131 οἳ
945 2071 998 2131 δ’
1027 2072 1201 2146 ὄχημα
1225 2070 1469 2129 πωλικὸν

314 2161 573 2233 λαβόντες
597 2166 778 2218 ἵππων
803 2165 955 2216 ἵεσαν
979 2164 1131 2231 φυγῇ
1156 2157 1314 2215 πόδα.

318 2238 352 2300 ά
379 2238 428 2302 ἆ.

316 2326 490 2401 ὀδύνη
514 2353 580 2401 με
605 2336 798 2402 τείρει,
824 2325 1041 2385 κούκέτ’
1071 2324 1347 2398 ὀρθοῦμαι
1370 2324 1547 2386 τάλας.

313 2416 406 2469 καὶ
429 2413 715 2486 ξυμφορὰν
738 2415 838 2486 μὲν
861 2410 967 2468 οἷδ’
995 2409 1169 2483 ὁρῶν,
1195 2409 1377 2483 τρόπῳ
1403 2405 1454 2463 δ’
1485 2404 1589 2482 ὅτῳ
1687 2417 1772 2461 800

315 2504 578 2554 τεθνᾶσιν
603 2503 659 2553 οί
679 2497 944 2561 θανόντες
967 2493 1067 2552 οὐκ
1094 2501 1195 2565 ἔχω
1223 2493 1445 2567 φράσαι,

317 2579 442 2638 οὐδ’
471 2585 522 2649 ἐξ
547 2580 737 2647 ὁποίας
759 2581 953 2654 χειρός.
988 2579 1197 2636 εἰκάσαι
1221 2581 1287 2635 δέ
1305 2600 1398 2647 μοι

318 2666 545 2738 πάρεστι
567 2666 748 2738 λυπρὰ
776 2666 911 2738 πρὸς
936 2670 1116 2735 φίλων
1140 2664 1497 2719 πεπονθέναι.

312 2747 496 2821 ἡνίοχε
522 2749 734 2823 Θρῃκὸς
756 2757 853 2807 τοῦ
880 2755 1059 2813 κακῶς
1083 2747 1437 2819 πεπραγότος,

316 2834 489 2906 μηδὲν
513 2832 718 2902 δύσοιζ’
747 2833 814 2891 οὐ
839 2839 1130 2906 πολεμίους
1154 2837 1350 2905 δρᾶσαι
1374 2829 1520 2885 τάδε.
1691 2838 1774 2881 805
