2018 3117
242 97 343 149 428
856 96 1236 144 ΦΟΙΝΙΣΣΑΙ

435 235 649 309 ἄπειμι,
675 233 899 308 χαίρεθ’
920 255 932 264 ·
962 231 1038 300 εἷς
1061 236 1166 306 γὰρ
1195 231 1273 290 ῶν
1299 243 1521 292 πολλῶν
1545 239 1679 310 μέτα

436 323 495 379 τὸ
519 325 720 394 μέλλον
732 321 753 390 ,’
775 327 827 376 εἰ
849 321 977 393 χρή,
1003 326 1287 392 πείσομαι·
1314 327 1372 376 τί
1390 319 1494 392 γὰρ
1520 323 1713 390 πάθως
1822 335 1908 380 895

246 417 354 465 ΚΡ.
433 411 646 477 ἐπίσχες
671 403 864 475 αὐτοῦ,
891 407 1122 478 πρέσβυ.
1163 412 1300 460 ΤΕΙ.
1327 404 1400 477 μὴ
1425 403 1810 478 ’πιλαμβάνού

247 501 352 549 KP.
429 506 639 564 μεῖνον,
654 497 711 546 τί
731 491 986 562 φεύγεις;
1024 497 1161 545 ΤΕΙ.
1188 488 1221 562 ἡ
1247 490 1380 563 τύχη
1406 488 1481 561 σ’,
1509 488 1620 547 ἀλλ’
1652 489 1754 548 οὐκ
1783 492 1906 565 ἐγώ.

252 585 353 634 ΚΡ.
432 577 649 649 φράσον
673 583 922 641 πολίταις
944 577 1037 631 καὶ
1061 575 1218 631 πόλει
1243 582 1537 647 σωτηρίαν.

252 670 388 718 ΤΕΙ.
432 662 624 734 βούλει
648 660 718 717 σύ
744 663 930 732 μέντοι
953 657 1114 731 κούχὶ
1137 660 1399 733 βουλήσει
1423 661 1570 732 τάχα.

251 755 352 803 ΚΡ.
430 749 524 802 καὶ
550 752 665 811 πῶς
696 746 958 821 πατρῴαν
981 758 1145 816 γαῖαν
1171 744 1239 802 ού
1274 752 1447 801 σῶσαι
1475 748 1654 813 θέλω;
1827 760 1910 803 900

254 840 390 888 ΤΕΙ.
436 835 622 896 θέλεις
651 829 886 887 ἀκοῦσαι
911 836 1047 902 δῆτα
1071 833 1164 886 καὶ
1189 830 1444 902 σπουδὴν
1473 837 1639 902 ἕχεις;

246 925 355 973 ΚΡ.
434 924 509 982 είς
533 916 638 989 γὰρ
665 923 723 972 τί
741 922 949 986 μᾶλλον
985 921 1073 971 δεῖ
1095 923 1420 988 προθυμίαν
1445 923 1620 987 ἔχειν;

254 1009 390 1058 ΤΕΙ.
435 1002 621 1067 κλύοις
646 999 715 1057 ἂν
739 999 844 1072 ’ἤδη
871 1007 983 1057 τῶν
1008 1004 1155 1072 ἐμῶν
1177 1002 1588 1072 θεσπισμάτων.

438 1094 659 1159 πρῶτον
685 1092 717 1142 δ
724 1084 736 1103 '
766 1090 944 1142 έκεῖνο
969 1086 1240 1156 βούλομαι
1264 1093 1456 1157 σαφῶς
1479 1095 1702 1157 μαθεῖν,

439 1178 548 1228 ποῦ
572 1170 714 1227 ’στιν
737 1171 1079 1241 ΛΙενοικεύς,
1107 1168 1166 1235 ὅς
1189 1194 1256 1241 με
1280 1169 1437 1240 δεῦρ’
1468 1171 1770 1242 ἐπήγαγεν;
1831 1184 1914 1228 905

249 1265 358 1313 KP
436 1254 522 1313 ὁδ’
560 1254 626 1312 οὐ
652 1255 871 1328 μακρὰν
895 1254 1114 1326 ἄπεστι,
1141 1263 1375 1327 πλησίον
1405 1258 1469 1311 δέ
1500 1277 1617 1311 σου.

257 1350 393 1399 ΤΕΙ.
440 1340 726 1398 ἀπελθέτω
753 1366 862 1397 νυν
885 1341 1188 1413 θεσφάτων
1215 1344 1362 1413 ἐμῶν
1388 1341 1527 1406 ἑκάς.

250 1435 358 1483 KP.
438 1426 563 1500 ἐμὸς
588 1426 852 1498 πεφυκώς
877 1440 1002 1492 παῖς
1028 1424 1062 1481 ἃ
1091 1431 1177 1482 δεῖ
1205 1427 1500 1498 σιγήσεται.

257 1520 394 1569 ΤΕΙ.
440 1512 633 1584 βούλει
657 1512 927 1586 παρόντος
952 1512 1089 1584 δῆτά
1113 1533 1200 1568 σοι
1225 1512 1426 1567 τούτου
1453 1512 1676 1584 φράσω;

252 1605 359 1653 ΚΡ.
437 1598 625 1654 κλύων
649 1596 753 1669 γὰρ
780 1594 849 1653 ἂν
874 1600 1126 1669 τέρποιτο
1152 1603 1245 1669 τῆς
1269 1604 1556 1668 σωτηρίας.
1835 1611 1916 1654 910

258 1685 392 1733 ΤΕΙ.
441 1677 610 1732 ἄκουε
632 1678 700 1746 δή
728 1699 835 1730 νυν
859 1678 1158 1746 θεσφάτων
1182 1680 1327 1746 ἐμῶν
1356 1675 1491 1731 ὁδόν
1508 1700 1519 1709 ·

443 1761 644 1829 σφάξαι
666 1763 923 1828 Μενοικῆ
971 1760 1134 1813 τόνδε
1160 1763 1217 1812 δε
1203 1757 1312 1812 ισ’
1335 1756 1516 1825 ὑπερ
1502 1759 1709 1825 πάτρας

442 1840 546 1897 σὸν
567 1838 737 1909 παῖδ’,
777 1840 963 1912 ἐπειδὴ
987 1842 1088 1911 τὴν
1110 1842 1282 1911 τύχην
1303 1839 1472 1929 αὐτὸς
1491 1847 1687 1902 καλεῖς.

251 1928 358 1976 ΚΡ.
436 1928 488 1976 τί
506 1923 640 1991 φής;
682 1920 788 1975 τιν’
815 1920 965 1986 εἶπας
983 1922 1146 1977 τόνδε
1167 1929 1384 1992 μῦθον,
1429 1923 1469 1975 ω
1492 1924 1680 1990 γέρον.
1814 1928 1899 1973 915

257 2009 393 2057 TEI.
435 2002 572 2069 άπερ
599 2006 838 2073 πέφηνε,
880 2009 1049 2058 ταῦτα
1075 2002 1320 2073 κάνάγκη
1343 2019 1402 2057 σε
1422 2006 1578 2072 δρᾶν.

253 2091 360 2138 ΚΡ.
438 2106 478 2138 ω
463 2078 677 2138 πολλὰ
699 2089 852 2150 λέξας
874 2088 933 2139 ἐν
957 2092 1151 2155 βραχεῖ
1184 2087 1329 2153 λόγῳ
1369 2085 1525 2139 κακά.

257 2172 395 2222 ΤΕΙ.
436 2172 527 2219 σοί
543 2165 607 2235 γ’,
631 2164 769 2221 ἄλλα
795 2172 1013 2236 πατρίδι
1034 2168 1240 2237 μεγάλα
1263 2168 1352 2222 καὶ
1372 2166 1628 2235 σωτήρια.

258 2254 358 2306 ΚΡ.
435 2244 538 2301 οὐκ
565 2251 791 2316 ἔκλυον,
831 2244 932 2302 οὐκ
954 2247 1168 2318 ἥκουσα
1186 2272 1196 2281 ·
1222 2250 1448 2318 χαιρέτω
1475 2248 1647 2310 πόλις.

260 2336 403 2385 ΤΕΙ.
444 2329 585 2400 ανὴρ
609 2328 697 2384 ὅδ’
723 2328 920 2386 οὐκέθ’
947 2331 1140 2401 αὑτός,
1177 2333 1386 2386 ἐκνεύει
1411 2331 1593 2384 πάλιν.
1815 2338 1902 2382 920

251 2418 360 2466 ΚΡ.
435 2417 639 2481 χαίρων
665 2410 749 2467 ἴθ’
767 2434 779 2445 ·
822 2411 888 2467 οὗ
911 2413 1014 2483 γὰρ
1038 2419 1153 2468 σῶν
1173 2436 1239 2483 με
1266 2416 1352 2467 δεῖ
1369 2410 1785 2481 μαντευμάτων-

259 2500 396 2548 ΤΕΙ.
440 2493 730 2549 ἀπόλωλεν
753 2493 985 2565 ἁλήθει’,
1016 2498 1129 2549 ἐπεὶ
1150 2494 1219 2549 σύ
1250 2498 1559 2562 δυστυχεῖς;

253 2581 359 2629 ΚΡ.
435 2577 476 2628 ῶ
460 2569 634 2640 πρός
655 2593 714 2629 σε
735 2577 987 2646 γονάτων
1009 2577 1097 2631 καὶ
1118 2581 1419 2646 γερασμίου
1441 2576 1649 2643 τριχός,

259 2661 395 2709 ΤΕΙ.
434 2662 488 2710 τί
506 2663 857 2724 προσπίτνεις
876 2680 968 2727 με;
1008 2655 1353 2727 δυσφύλακτ’
1382 2663 1525 2710 αἴνει
1547 2654 1702 2708 κακά.

254 2742 358 2790 ΚΡ.
437 2743 560 2805 σίγα
577 2761 589 2771 ·
617 2738 775 2793 πόλει
797 2740 856 2793 δὲ
877 2740 1076 2793 τούσδε
1096 2738 1169 2808 μὴ
1193 2743 1346 2810 λέξῃς
1367 2737 1581 2806 λόγους.
1815 2743 1900 2787 925

435 2857 463 2903 ὁὶ
494 2862 694 2916 δρῶντες
721 2856 777 2903 ἂν
809 2860 1004 2916 μάλιστα
1037 2860 1264 2916 σώσαιμεν
1294 2858 1431 2903 πόλιν
1464 2858 1724 2914 Καδμείων.
1817 2857 1900 2900 912
