2018 3117
814 102 1102 148 MHAEIA
1164 154 1168 158 ‚
1690 103 1787 155 207

331 244 510 304 δοκεῖς
538 238 641 311 γὰρ
670 237 738 295 ἄν
761 264 828 312 με
855 241 1016 297 τόνδε
1042 248 1341 298 θωπεῦσαί
1362 258 1508 308 ποτε,

334 329 385 379 εἰ
410 323 484 395 μή
508 348 558 379 τι
580 322 1038 395 κερδαίνουσαν
1011 325 1048 397 η’
1077 329 1453 399 τεχνωμένην;

331 404 454 463 οὐδ’
483 403 552 462 ἂν
576 423 875 480 προσεῖπον
899 407 1021 465 οὐδ’
1051 406 1119 465 α“ν
1143 408 1366 482 ἡψάμην
1388 421 1588 482 χεροῖν.
1701 426 1786 470 370

329 487 358 546 ὃ
385 489 437 546 δ’
468 498 543 556 εἰς
567 500 828 548 τοσοῦτον
851 500 1058 566 μωριάς
1083 492 1311 564 ἀφίκετο
1493 477 1585 531 χ
1621 512 1652 555 3
1674 524 1754 559 >q

330 572 458 631 ὥστ’
493 575 614 642 ἐξὸν
639 575 787 652 αὐτῷ
817 575 941 648 τᾶμ’
971 580 1115 658 ἑλεῖ-ν
1139 579 1484 650 βουλεύματ’

327 665 426 730 γῆς
451 659 765 731 ἐκβαλόντι,
793 659 948 733 τήνδ’
985 660 1195 733 ἐφῆκεν
1219 661 1428 734 ἡμέραν

324 752 514 814 μεῖναί
532 742 612 816 μ’,
640 748 699 800 ἐν
723 737 760 817 ᾗ
783 759 927 816 τρεῖς
950 752 1062 801 τῶν
1090 750 1236 818 ε’μῶν
1263 752 1481 819 ἐχθρῶν
1505 749 1738 850 νεκροὺς

326 827 510 899 θήσω,
539 831 743 901 πατέρα
768 853 825 885 τε
850 832 942 885 καὶ
966 830 1139 902 κόρην
1162 831 1324 887 πόσιν
1350 830 1399 887 τ’
1428 833 1575 903 ἐμόν.
1700 847 1783 891 375

325 912 526 977 πολλὰς
550 911 602 968 δ’
633 919 830 983 ἔχουσα
852 921 1197 985 θανασίμους
1223 913 1409 981 αὐτοῖς
1434 914 1615 989 ὁδούς,

325 993 430 1051 οὐκ
459 995 566 1053 οἶδ’
596 994 762 1071 ὁποία
787 1005 1007 1070 πρῶτον
1033 1004 1285 1072 ἐγχειρῶ,
1315 1007 1489 1073 φίλαι,

322 1080 554 1155 πότερον
581 1079 783 1152 ὑφάψω
809 1088 963 1155 δῶμα
986 1084 1269 1156 νυμφικόν
1294 1092 1446 1158 πυρί,

323 1161 358 1235 ἢ
387 1165 599 1237 θηκτὸν
625 1163 747 1221 ῶσω
769 1168 1054 1238 φάσγανον
1079 1167 1154 1224 δι’
1185 1166 1402 1241 ἥπατος,

323 1256 450 1322 σιγῇ
481 1250 683 1321 δόμους
709 1250 917 1323 είσβᾶσ’
947 1251 1024 1308 ἵν’
1060 1259 1320 1326 ἔστρωται
1347 1257 1514 1326 λέχος.
1698 1269 1781 1313 380

321 1331 447 1436 &242
477 1338 538 1391 ἕν
564 1341 621 1390 τί
644 1358 737 1406 μοι
762 1335 1088 1409 πρόσαντες’
1119 1344 1170 1393 εί
1189 1339 1545 1410 ληφθήσομαι

321 1417 525 1489 δόμους
551 1416 967 1527 ὑπερβωσα
990 1447 1081 1477 και
1106 1426 1432 1494 τεχνωμένη,

325 1509 579 1558 θανοῦσα
604 1504 760 1576 θήσω
788 1518 898 1569 τοῖς
925 1510 1070 1577 ἐμοῖς
1094 1510 1311 1606 ἐχθροῖς
1336 1511 1528 1578 γέλων.

143 1623 204 1662 ν,
214 1613 241 1646 ς
257 1585 579 1657 &Qunam
605 1588 704 1659 τὴν
731 1586 986 1661 εὐθεῖαν,
1014 1592 1047 1663 ᾑ
1073 1591 1400 1662 πεφύκαμεν

319 1673 489 1742 σοφαι
511 1671 769 1744 μάλιστα,
803 1675 1109 1746 φαρμάκοις
1133 1673 1336 1740 αὐτους
1364 1678 1523 1732 ελεϊν.
1695 1691 1778 1736 385

322 1754 460 1810 εἶεν·

318 1842 410 1895 καὶ
436 1838 504 1911 δὴ
530 1847 785 1898 τεθνᾶσι·
812 1849 893 1907 τίς
916 1866 983 1913 με
1008 1845 1217 1909 δέξεται
1243 1844 1427 1911 πόλις;

318 1930 399 1987 τίς
426 1930 531 1995 γῆν
558 1922 767 1981 ασυλον
788 1929 881 1983 και
906 1927 1162 1998 δόμους’
1136 1930 1426 2000 εχεγγύου5

318 2009 470 2074 ξένος
499 2007 795 2081 παρασχών
818 2010 1046 2113 ῥύσεται
1069 2036 1278 2085 τουμον
1308 2017 1502 2085 δέμας;

319 2088 422 2146 οὐκ
448 2098 577 2148 ε”.στι
615 2092 831 2165 μείνασ’
859 2119 963 2152 ουν
989 2103 1067 2152 ἔτι
1091 2097 1324 2171 σμικρὸν
1351 2098 1567 2170 χρόνον,

316 2171 387 2246 ἢν
408 2179 509 2247 μέν
534 2201 614 2243 τις
637 2175 768 2250 ἡμῖν
792 2180 1002 2252 πύργος
1028 2179 1277 2255 ἀσφαλὴς
1303 2188 1469 2256 φανὴ,
1689 2202 1774 2246 390

318 2259 463 2335 δόλῳ
487 2264 698 2335 μέτειμι
721 2263 882 2320 τόνδε
910 2267 1002 2320 καὶ
1028 2274 1154 2339 σιγῇ
1180 2268 1356 2339 φόνον
1375 2286 1386 2296 ·
1448 2279 1466 2344 J

316 2340 386 2414 ἦν
415 2342 468 2400 δ’
497 2348 758 2420 ἐξελαύνῃ
783 2350 1040 2421 ξυμφοροί
1073 2349 1130 2421 μ’
1163 2349 1452 2423 ἀμήχανος,

315 2426 452 2500 αὐτὴ
481 2432 638 2501 ξίφος
661 2439 934 2504 λαβοῦσα,
961 2440 1050 2489 κεί
1079 2437 1257 2505 μέλλω
1281 2444 1497 2506 θανεῖν,

316 2520 490 2568 κτενῶ
515 2533 648 2587 σφε,
682 2517 877 2589 τόλμης
905 2515 962 2573 δ’
997 2519 1105 2589 εἶμι
1133 2518 1270 2624 πρὸς
1292 2517 1351 2575 τὸ
1377 2519 1660 2593 καρτερόν.

316 2593 383 2650 οὐ
407 2595 510 2669 γὰρ
534 2623 609 2670 μα
634 2599 735 2671 τὴν
760 2599 1101 2658 δέσποιναν
1078 2601 1148 2675 ἦν
1174 2602 1278 2675 ε’γω
1304 2605 1445 2675 σέβω
1685 2626 1767 2670 395

311 2679 542 2749 μαλιστα
570 2685 794 2741 πάντων
819 2689 912 2742 καὶ
935 2686 1204 2760 ξυνεργὸν
1230 2687 1470 2761 ειλόμην,

308 2757 530 2857 Εκάτην
551 2782 741 2839 μυχοῖς
764 2776 1033 2827 ναιόυσαν
1057 2774 1236 2837 ἑστίας
1264 2775 1408 2844 ἐμῆς,

309 2825 518 2956 χαὶξὲων
541 2874 621 2916 τις
645 2850 830 2909 αυτῶν
854 2877 1061 2925 τΟυμΟν
1086 2853 1318 2928 ἆλγυνεῖ
1335 2880 1484 2929 Ἄδαρ.
