2018 3117
216 88 319 139 444

240 2779 345 2827 XO.

828 88 1207 135 ΦΟΙΝΙΣΣΑΙ

405 227 633 302 στρατὸς
660 225 712 283 δ’
745 224 1048 298 ἀνηλάλαξε
1071 231 1375 282 Δαναϊδῶν
1399 223 1554 292 ἅπας.
1761 243 1868 288 1395

405 312 510 370 κάν
538 317 678 388 τῷδε
705 311 895 386 μόχθῳ
923 309 1139 382 γυμνὸν
1165 302 1315 382 οἶμον
1342 303 1568 366 εἰσιδών

407 397 436 454 ὃ
459 397 674 471 πρόσθε
699 398 934 470 τρωθεὶς
957 397 1153 467 στέρνα
1177 401 1555 461 Πολυνείκους
1577 401 1673 470 βία

408 488 564 553 διῆκε
588 482 819 553 λόγχην,
846 478 1169 536 κάπέδωκεν
1193 476 1396 550 ἡδονὰς

405 567 638 637 Κάδμου
662 572 934 636 πολίταις,
962 562 1066 621 άπὸ
1093 569 1126 620 δ
1133 561 1146 581 ’
1173 561 1407 636 ἔθραυσ’
1435 561 1606 637 ἄκρον
1634 564 1788 637 δόρυ.

412 658 487 717 εἰς
513 649 565 706 δ’
594 649 806 722 ἄπορον
831 647 983 722 ῆκων
1007 646 1168 721 δορὸς
1194 650 1282 704 ἐπὶ
1305 651 1495 713 σκέλος
1520 649 1685 704 πάλιν
1764 662 1875 705 1400

408 750 601 808 χωρεῖ,
629 735 816 807 λαβὼν
841 733 893 791 δ’
923 732 1110 805 άφῆκέ
1126 733 1414 806 μάρμαρον
1439 735 1660 804 πέτρον,

409 824 574 893 μέσον
601 820 653 876 δ’
678 818 864 876 ἄκοντ’
895 826 1196 891 ἔθραυσεν·
1227 820 1278 884 ἐξ
1306 827 1428 874 ἴσου
1455 815 1506 873 δ’
1528 815 1697 890 ’Ἁρης

408 899 504 978 ῆν,
531 906 771 977 κάμακος
795 902 1002 976 ἀμφοῖν
1026 900 1166 975 χεῖρ’
1196 900 1675 974 ἀπεστερημένοιν.

409 997 578 1047 ἔνθεν
607 991 668 1046 δὲ
692 991 878 1055 κώπας
902 987 1213 1061 ἁρπάσαντε
1238 987 1543 1059 φασγάνων

411 1079 464 1140 ἐς
487 1073 691 1131 ταύτὸν
711 1068 876 1147 ἧκον,
907 1072 1253 1144 συμβαλόντε
1278 1069 1329 1126 δ’
1361 1069 1596 1137 ἀσπίδας
1769 1084 1879 1127 1405

410 1158 591 1216 πολὺν
615 1157 895 1232 ταραγμὸν
920 1154 1222 1229 ἀμφιβάντ’
1255 1155 1401 1226 εἶχον
1425 1155 1614 1227 μάχης.

411 1251 508 1301 καί
529 1267 642 1309 πως
665 1245 866 1316 νοήσας
889 1240 1169 1312 Ἐτεοκλῆς
1193 1239 1252 1296 τὸ
1281 1238 1564 1296 Θεσσαλὸν

412 1329 701 1401 εἰσήγαγεν
723 1325 952 1401 σόφισμ’
982 1325 1169 1400 ὁμιλία
1190 1325 1411 1396 χθονός.

411 1417 721 1486 ἐξαλλαγεὶς
744 1412 848 1486 γὰρ
875 1418 974 1468 τοῦ
1001 1417 1345 1483 παρεστῶτος
1369 1410 1562 1479 πόνου,

411 1498 570 1555 λαιὸν
599 1500 700 1571 μὲν
726 1505 801 1563 εἰς
824 1495 1131 1554 τοῦπισθεν
1173 1497 1404 1566 ἀμφέρει
1447 1495 1607 1566 πόδα,
1774 1508 1883 1550 1410

414 1583 601 1657 πρόσω
628 1582 694 1639 τὰ
720 1590 876 1640 κοῖλα
901 1580 1133 1654 γαστρὸς
1160 1577 1595 1651 εὐλαβούμενος·

414 1667 624 1740 προβὰς
650 1669 710 1725 δὲ
735 1675 914 1724 κῶλον
941 1664 1124 1733 δεξιὸν
1150 1662 1223 1720 δι’
1255 1662 1510 1735 ὀμφαλοῦ

411 1760 660 1827 καθῆκεν
680 1760 833 1825 ἔγχος
857 1751 1192 1823 σφονδύλοις
1215 1746 1264 1803 τ’
1298 1748 1615 1819 ἐνήρμοσεν.

415 1836 555 1910 ὁμοῦ
586 1839 646 1894 δὲ
669 1839 883 1910 κάμψας
910 1834 1123 1906 πλευρὰ
1148 1835 1239 1888 καὶ
1263 1832 1444 1905 νηδὺν
1468 1832 1632 1897 τάλας

416 1923 522 1979 σὺν
546 1928 867 1995 αἱματηραῖς
894 1920 1116 1992 σταγόσι
1139 1924 1487 1990 Πολυνείκης
1511 1924 1707 1973 πίτνει.
1776 1930 1883 1974 1415

417 2002 441 2062 ἲ
472 2006 524 2063 δ’
555 2006 626 2073 ὡς
650 2014 869 2079 κρατῶν
895 2005 961 2076 δὴ
988 2007 1079 2061 καὶ
1109 2002 1412 2075 νενικηκώς
1436 2002 1596 2075 μάχῃ,

416 2095 572 2163 ξίφος
599 2091 770 2147 δικων
787 2097 860 2156 εἰς
876 2104 1039 2162 γαῖαν
1065 2089 1330 2146 ἐσκύλευέ
1352 2111 1460 2157 νιν,

415 2176 513 2233 τὸν
536 2183 676 2232 νοῦν
703 2176 839 2247 πρὸς
866 2173 1037 2230 αὑτὸν
1063 2172 1165 2229 οὐκ
1195 2179 1360 2243 ἔχων,
1390 2176 1564 2228 ἐκεῖσε
1591 2172 1668 2226 δέ.

417 2258 448 2318 δ
470 2267 569 2317 καί
593 2285 683 2317 νιν
709 2257 904 2333 ἔσφηλ’
925 2278 935 2288 ·
963 2265 1041 2314 ἔτι
1067 2258 1170 2329 γὰρ
1199 2259 1450 2328 ἐμπνέων
1475 2253 1671 2327 βραχύ,

419 2346 607 2414 σώζων
633 2350 863 2417 σίδηρον
889 2347 948 2400 ἐν
973 2348 1162 2417 λυγρῷ
1193 2340 1477 2412 πεσήματι,
1776 2352 1887 2395 1420

418 2433 573 2504 μόλις
599 2433 728 2503 μέν,
759 2431 987 2496 ἐξέτεινε
1016 2426 1069 2484 δ’
1102 2433 1177 2492 εἰς
1202 2419 1348 2498 ἧπαρ
1381 2429 1538 2496 ξίφος

413 2513 757 2581 Ἐτεοκλέους
783 2512 811 2571 ὁ
839 2513 1053 2586 πρόσθε
1078 2517 1424 2582 Πολυνείκης
1450 2508 1651 2565 πεσών.

420 2614 583 2673 γαῖαν
609 2606 641 2656 δ
649 2598 661 2618 ’
692 2598 822 2666 ὀδὰξ
850 2598 1065 2662 ἑλόντες
1091 2595 1343 2668 ἀλλήλων
1377 2597 1542 2659 πέλας

421 2692 717 2742 πίπτουσιν
741 2683 905 2755 ἄμφω
930 2681 1033 2739 κού
1061 2682 1328 2754 διώρισαν
1351 2679 1562 2753 κράτος.

418 2777 528 2842 φεῦ
555 2777 692 2842 φεῦ,
721 2776 907 2824 κακῶν
931 2774 1073 2838 σῶν,
1105 2772 1369 2835 Οἰδίπου,
1397 2761 1449 2819 σ’
1469 2764 1616 2820 ὅσων
1639 2765 1836 2819 στένω·

420 2855 512 2921 τὰς
540 2854 637 2921 σὰς
664 2852 715 2910 δ’
747 2851 881 2924 άρὰς
910 2860 1088 2909 ἔοικεν
1116 2854 1379 2921 ἐκπλῆσαι
1403 2848 1550 2914 θεός.
1781 2858 1890 2902 1426
