2018 3117
86 620 181 669 [A.

92 788 220 838 MH.

88 956 181 1003 [A.

90 1039 219 1088 MH.

91 1124 180 1173 [A.

93 1207 219 1260 MH.

90 1292 179 1344 [A.

89 1376 179 1425 [A.

90 1461 178 1508 ῙΑ.

80 1629 216 1677 ΜΗ.

82 1880 215 1929 ΜΗ.

86 2800 198 2849 XO.

775 136 1059 182 ΜΗΔΕΙΑ
1629 136 1730 186 239

273 282 438 347 Αἰγεῖ
455 276 859 347 συνοικήσουσα
882 282 956 350 τῷ
981 280 1305 340 Πανδίονος.
1623 292 1729 334 1385

275 359 366 427 [σὺ
391 358 465 429 δ’,
493 355 675 432 ῶσπερ
702 359 870 430 εἰκός,
896 369 1165 415 κατθανεῐ
1185 359 1348 425 κακὸς
1371 366 1566 430 κακῶς,

268 442 495 517 Ἀργοῦς
519 443 658 515 κάρα
683 443 782 498 σὸν
806 443 1049 524 keep-gimo
1076 446 1468 516 πεπληγμένος,

272 528 469 600 πικρὰς
495 527 746 592 τελευτὰς
770 534 880 583 τῶν
905 530 1051 598 ἐμῶν
1075 528 1265 598 γάμων
1291 528 1458 597 ἰδών]

271 611 408 668 ἀλλά
432 609 484 667 σ’
518 609 732 683 Ἐρινὺς
757 609 962 667 ὀλέσειε
986 613 1194 666 τέκνων

273 703 444 768 φονιά
468 719 525 751 τε
547 701 709 766 Δίκη.
1621 711 1731 754 1390

274 787 354 845 τίς
378 781 439 836 δὲ
467 779 622 835 κλύει
647 797 748 834 σου
773 779 905 843 θεὸς
930 776 962 849 ἦ
989 785 1219 850 δαίμων,

274 870 374 920 τοῦ
397 863 714 935 ψευδόρκου
738 866 829 918 καὶ
854 863 1208 933 ξειναπάτοω

273 954 383 1020 φεῦ
410 954 518 1019 φεῦ
534 991 547 1017 ,
572 947 789 1018 μυσαρὰ
813 949 905 1003 καὶ
929 949 1269 1018 παιδολέτορ.

270 1046 445 1103 στεῖχε
472 1030 608 1102 πρὸς
631 1040 817 1096 οἴκους
842 1034 932 1087 καὶ
957 1029 1126 1088 θάπτ’
1155 1030 1367 1102 ἄλοχον.

269 1124 487 1187 στείχω,
516 1121 723 1171 δισσῶν
748 1113 800 1184 γ’
831 1114 1031 1186 άμορος
1056 1119 1281 1171 τέκνων.
1623 1132 1730 1176 1395

273 1199 426 1256 οὔπω
451 1209 704 1271 θρηνεῖς·
736 1202 865 1270 μένε
888 1224 979 1256 και
1004 1207 1189 1271 γῆρας.

271 1277 314 1340 ῶ
338 1287 501 1341 τέκνα
530 1291 777 1356 φίλτατα.
804 1292 942 1340 M.H
969 1291 1137 1355 μητρί
1155 1307 1244 1355 γε,
1271 1287 1358 1340 σοι
1383 1283 1437 1339 δ’
1464 1308 1547 1341 ου.

270 1366 479 1425 κᾶπειτ’
510 1374 724 1434 ἔκανες;
756 1375 893 1424 MH.
930 1371 1080 1439 σέγε
1103 1367 1455 1439 πημαίνουσῖ

271 1452 434 1524 ῶμοι,
461 1459 651 1523 φιλίου
675 1453 849 1524 χρῄζω
876 1452 1136 1523 στόματος
1586 1518 1590 1520 v

268 1542 485 1592 παίδων
511 1534 538 1592 ὁ
564 1537 726 1600 τάλας
751 1536 1219 1607 προσπτύξασθαι.
1623 1554 1729 1595 1400

266 1627 374 1676 νῦν
398 1639 504 1690 σφε
530 1626 869 1694 προσαυδᾷς,
896 1627 1004 1675 νῦν
1027 1619 1266 1690 ἀσπάζει,

268 1703 380 1760 τότ’
414 1703 783 1776 ἀπωσάμενος.
809 1711 907 1759 ΙΑ.
936 1705 1028 1769 δός
1055 1728 1148 1775 μοι
1175 1703 1310 1777 πρὸς
1335 1711 1486 1760 θεῶν

270 1795 519 1861 μαλακοῦ
543 1788 750 1859 χρωτὸς
773 1795 981 1854 ψαῦσαι
1006 1791 1230 1844 τέκνων.

270 1870 372 1929 οὐκ
398 1879 510 1928 ἔστι
526 1892 536 1901 ·
569 1873 745 1945 μάτην
767 1879 891 1938 ἔπος
917 1880 1181 1944 ἔρριπται.

265 1964 404 2027 Ζεῦ,
435 1954 556 2012 τάδ’
587 1955 805 2021 ἀκούεις
832 1955 903 2022 ῶς
932 1955 1363 2029 άπελαυνόμεθ’,
1620 1973 1726 2016 1405

269 2038 357 2096 οἷά
378 2064 434 2096 τε
464 2041 740 2112 πάσχομεν
764 2045 822 2097 ἐκ
846 2048 939 2112 τῆς
956 2048 1204 2113 μυσαροῖς

266 2127 358 2180 καὶ
382 2125 728 2196 παιδοφόνον
752 2131 915 2197 τῆσδε
939 2132 1186 2197 λεαίνης;

207 2240 213 2245 ·
267 2206 386 2284 ἀλλ’
417 2206 622 2266 ὁπόσον
649 2215 789 2281 γοῦν
813 2211 958 2283 πάρα
981 2213 1072 2266 καὶ
1097 2210 1337 2282 δύναμαι

267 2293 395 2349 τάδε
422 2296 514 2349 καὶ
537 2301 731 2366 θρηνῶ
758 2292 1086 2378 κᾶπέ-ᾃ-ξέζω,
1201 2308 1276 2367 M
1308 2325 1330 2357 ἱ
1355 2329 1393 2362 Ἰ,

268 2378 674 2449 μαρτυρόμενος
699 2384 959 2450 δαίμονας
984 2376 1056 2443 ῶς
1078 2403 1169 2449 μοι
1621 2393 1726 2434 1410

269 2459 416 2515 τέκν’
445 2460 796 2518 ἀποκτείνασ’
826 2460 1166 2527 ἆποκωλύεις

267 2550 483 2609 ψαῦσαί
500 2569 556 2601 τε
581 2558 764 2619 χεροιν
788 2546 967 2612 θάψαι
990 2569 1047 2601 τε
1072 2546 1320 2618 νεκρούς,

270 2625 366 2693 οὓς
389 2627 586 2700 μήποτ’
620 2628 725 2700 ἐγώ
755 2630 935 2700 φύσας
954 2627 1164 2717 οφελον

269 2710 404 2782 πρὸς
428 2719 527 2767 σοῦ
556 2715 863 2784 φθιμένους
888 2690 1191 2769 ἐπιδέσθαι.

265 2801 484 2850 πολλῶν
508 2803 698 2865 ταμίας
722 2797 861 2863 Ζεὺς
885 2801 944 2853 ἐν
961 2794 1233 2873 Ὀλύμπω,
1617 2812 1723 2854 2415
