2018 3117
199 95 301 147 180
889 93 1129 141 ΚΤΚΛΩ
1143 95 1198 140 Ψ

204 244 319 292 ΟΔ.
390 228 433 290 ῶ
459 241 598 304 Ζεῦ,
625 240 683 289 τί
706 235 869 303 λέξω,
898 229 1039 288 δείν’
1071 231 1207 287 ἰδών
1232 229 1451 304 ἄντρων
1470 237 1575 288 ἔσω
1778 244 1863 290 375

392 317 496 376 κού
521 319 711 389 πιστά,
741 317 946 389 μύθοις
979 314 1145 373 εἰκότ’
1177 314 1302 373 οὐδ’
1335 323 1514 388 ἔργοις
1537 322 1783 389 βροτῶν;

199 413 317 463 ΧΟ.
387 412 444 461 τί
466 402 517 461 δ’
548 402 685 474 ἔστ’,
706 400 1006 469 Ὀδυσσεῦ;
1032 408 1152 474 μῶν
1179 407 1499 457 τεθοίναται
1523 403 1694 456 σέθεν

395 496 594 561 φίλους
619 491 871 559 ἑταίρους
897 486 1262 551 ἀνοσιώτατος
1285 486 1563 553 Κύκλωψ;

206 583 322 631 ΟΔ.
395 574 619 638 δισσούς
643 570 697 645 γ’
728 571 976 647 ἀθρήσας
1001 570 1410 644 κᾶπιβαστάσας
1436 583 1638 644 χεροῖν,

392 667 449 716 οἳ
468 657 670 733 σαρκὸς
697 658 844 729 εἶχον
871 655 1305 730 εὐτρεφέστατον
1330 656 1514 728 πάχος.
1780 669 1865 713 380

200 752 317 801 ΧΟ.
387 751 529 815 πῶς,
560 737 604 799 ῶ
627 740 952 815 ταλαίπωρ’,
982 736 1077 814 ἦτε
1102 743 1397 813 πάσχοντες
1424 740 1584 807 τάδε;

205 837 322 886 ΟΔ.
392 831 511 886 ἐπεὶ
536 835 802 899 πετραιάν
825 826 980 900 τήνδ’
1013 828 1322 899 ἐσήλθομεν
1355 826 1591 897 [χθόνα],

392 912 665 970 άνέκαυσε
689 915 791 986 μὲν
815 920 927 985 πῦρ
955 920 1200 985 πρῶτον,
1228 911 1443 984 ὑψηλῆς
1473 909 1643 982 δρυὸς

390 998 629 1073 κορμοὺς
657 1006 914 1064 πλατείας
941 998 1167 1071 ἐσχάρας
1194 996 1382 1069 βαλῶν
1409 1003 1513 1068 ἔπι,

394 1091 634 1155 τρισσῶν
659 1082 880 1156 ἁμαξῶν
909 1080 980 1148 ῶς
1005 1082 1287 1154 ἀγώγιμον
1312 1082 1496 1154 βάρος.
1783 1093 1866 1137 385

395 1175 581 1225 ἔπειτα
607 1170 838 1240 φύλλων
866 1172 1131 1224 ἐλατίνων
1156 1173 1459 1239 χαμαιπετῆ

395 1261 664 1325 ἔστρωσεν
697 1250 868 1321 εὐνὴν
901 1257 1137 1322 πλησίον
1169 1250 1346 1319 πυρὸς
1379 1257 1563 1323 φλογί.

395 1345 642 1410 κρατῆρα
666 1335 719 1393 δ’
750 1341 1044 1409 ἐξέπλησεν
1070 1334 1142 1402 ῶς
1168 1337 1540 1409 δεκάμφορον,

392 1424 629 1494 μόσχους
656 1421 912 1495 ἆμέλξας,
940 1421 1143 1478 λευκὸν
1173 1425 1379 1494 ει’σχέας
1405 1422 1562 1493 γάλα.

395 1509 609 1580 σκύφος
634 1531 691 1564 τε
714 1515 911 1565 κισσοῦ
936 1505 1199 1580 παρέθετ’
1232 1514 1307 1572 εἰς
1335 1499 1497 1579 εὖρος
1522 1512 1691 1578 τριῶν
1785 1520 1870 1564 390

392 1594 637 1665 πήχεων,
664 1595 841 1666 βάθος
867 1594 928 1650 δὲ
946 1593 1228 1665 τεσσάρων
1253 1596 1527 1664 ἐφαίνετο.

395 1681 487 1734 καὶ
511 1679 743 1751 χάλκεον
768 1676 952 1751 λέβητ’
982 1681 1231 1746 ἐπέζεσεν
1260 1683 1413 1749 πυρί,

393 1761 620 1835 ὀβελούς
648 1761 694 1819 τ’
725 1763 928 1838 ἄκρους
953 1764 1053 1835 μὲν
1078 1764 1516 1834 ἐγκεκαυμένους
1541 1766 1697 1832 πυρί,

394 1849 616 1915 ξεστοὺς
641 1849 701 1905 δὲ
726 1850 982 1923 δρεπάνω
1010 1846 1088 1920 γ’,
1117 1846 1255 1904 ἀλλὰ
1279 1847 1589 1920 παλιορρου
1619 1845 1821 1921 κλάδῳ,

393 1935 630 1991 Αίτναῖά
654 1958 712 1990 τε
737 1948 975 2006 σφαγεϊα
1000 1936 1278 1990 πελέκεων
1302 1931 1548 2004 γνάθοις.
1784 1944 1869 1988 395

395 2015 468 2083 ῶς
493 2017 545 2074 δ’
575 2012 644 2091 ἧν
671 2023 857 2091 ἕτοιμα
882 2019 1059 2075 πάντα
1081 2025 1158 2094 τῷ
1183 2028 1485 2089 θεοστυγεῖ

379 2099 572 2160 ιἍιδου
596 2111 867 2179 μαγείρῳ,
895 2110 1043 2176 φῶτε
1073 2105 1402 2176 συμμάρψας
1428 2101 1531 2158 δύο

395 2187 582 2260 ἔσφαξ’
612 2192 846 2260 ἑταίρων
871 2195 981 2244 τῶν
1006 2193 1152 2261 ἐμῶν
1186 2192 1385 2262 ῥυθμῷ
1411 2210 1519 2242 τινι

393 2273 491 2329 τὸν
515 2274 615 2345 μὲν
642 2277 864 2346 λέβητος
891 2280 966 2339 εἰς
991 2275 1153 2338 κύτος
1177 2273 1535 2344 χαλκήλατον,

394 2357 491 2414 τὸν
519 2357 573 2415 δ’
607 2353 709 2429 αὖ,
735 2361 990 2424 τένοντος
1016 2356 1261 2426 ἁρπάσας
1286 2356 1463 2428 ἄκρου
1487 2356 1674 2426 ποδος,
1783 2368 1869 2409 400

395 2450 576 2499 παίων
602 2443 743 2515 πρὸς
763 2441 1159 2519 ὀξυνστόνυχα
1185 2449 1450 2513 πετραίου
1475 2448 1662 2511 λίθου,

398 2531 705 2601 ἐγκέφαλον
732 2532 1011 2602 ἐξέρρανε,
1038 2532 1130 2584 καὶ
1155 2527 1518 2600 καθαρπάσας

396 2613 580 2687 λάβρῳ
605 2620 846 2688 μαχαίρᾳ
870 2614 1074 2685 σάρκας
1100 2614 1307 2680 ἐξῶπτα
1335 2619 1488 2683 πυρί,

398 2695 464 2752 τὰ
486 2695 540 2752 δ’
572 2704 648 2763 εἰς
671 2696 855 2770 λέβητ’
884 2702 1090 2770 ἐφῆκεν
1117 2701 1351 2763 ἕψεσθαι
1375 2699 1527 2769 μέλη.

395 2780 501 2853 ἐγώ
531 2779 582 2837 δ’
618 2780 645 2838 ὁ
674 2784 893 2855 τλήμων
919 2781 1117 2855 δάκρυ’
1147 2780 1243 2838 ἀπ’
1273 2780 1586 2853 ὀφθαλμῶν
1608 2780 1750 2851 χέων
1783 2792 1867 2834 405

395 2867 768 2940 ἐχριμπτόμην
792 2869 1062 2924 Κύκλωπι
1086 2865 1460 2924 κᾶὂιακόνουν
1476 2886 1486 2895 ·
