2018 3117
226 109 319 159 106

598 107 976 153 ΙΦΙΓΕΝΕΙΑ
1009 106 1068 151 Η
1096 106 1193 151 ΕΝ
1234 105 1530 151 ΤΑΥΡΟΙΣ

382 243 612 292 ἔπαισαν
643 234 838 324 ἅλμην.
876 240 1014 319 ναῦς
1034 233 1108 289 δ’.
1131 235 1231 298 ἕως
1250 235 1350 304 μὲν
1369 233 1522 299 ἐντὸς
1542 228 1611 304 ἦν

382 310 614 376 λιμένος,
639 307 851 374 ἐχώρει·
876 305 1070 374 στόμια
1093 292 1181 358 δια
1185 321 1406 370 περωσα
1427 305 1486 357 65

382 380 565 461 λάβρῳ
587 377 828 457 κλύδωνι
851 371 1187 443 συμπεσοῦσ’
1213 371 1488 442 ἠπείγετο·

383 446 562 510 δεινὸς
581 445 684 514 γὰρ
708 447 764 499 ἐλ
769 444 890 498 θων
911 445 1107 525 ἄνεμος
1129 446 1383 529 ἐξαίφνης
1402 440 1541 506 νεώς

387 515 523 599 ω’θει
546 516 708 602 πάλιν
739 512 1069 581 πρυμνήσι’·
1097 515 1153 566 οι
1182 509 1232 566 δ’
1259 515 1590 579 ἐκαρτέρουν
1765 523 1877 569 1395

387 585 521 652 πρὸς
541 586 741 654 κέντρα
760 589 1117 655 λακτίζοντες·
1150 604 1223 646 εις
1249 587 1306 639 65
1326 590 1431 654 γῆν
1452 583 1614 636 πάλιν

391 656 612 709 κλύδων
635 658 935 720 παλίρρους
957 656 1052 740 ἦγε
1074 658 1230 722 ναῦν.
1258 660 1521 705 σταθεῖσα
1541 651 1601 704 65

381 722 780 808 Ἀγαμέμνονος
799 734 921 787 παῖς
924 721 1154 813 ηύξατ’·
1185 744 1224 805 ω
1247 726 1461 806 Λητοῦς
1482 721 1637 790 κόρη,

387 795 570 847 σῶσόν
591 815 654 862 με
674 793 772 862 τὴν
792 791 896 861 σὴν
917 796 1091 860 ιερίαν
1112 792 1248 859 πρὸς
1260 789 1488 845 Ελλάδα

387 865 445 917 ἐκ
466 847 752 953 βαρβάρου
772 867 868 931 γῆς
894 865 980 916 καὶ
1000 869 1225 925 κλοπαῖς
1253 857 1538 943 σύγγνωθ’
1564 862 1729 930 ἐμαῖς.
1769 871 1880 915 1400

388 940 564 1002 φιλεῖς
589 934 647 987 65
668 934 756 987 καὶ
779 933 847 1020 σὺ
869 931 971 985 σὸν
988 937 1345 1017 κασίγνητον
1365 929 1496 984 θεά·

389 1010 571 1071 φιλεῖν
593 1002 651 1056 δὲ
673 1001 807 1071 κάμε
829 1000 957 1065 τοὺς
979 999 1277 1087 ὁμαίμονας
1298 1001 1465 1053 δόκει.

387 1077 582 1126 ναῦται
603 1072 654 1127 δ
680 1072 1075 1158 ἐπηυφήμησαν
1097 1067 1342 1139 εὐχαῖσιν
1364 1069 1529 1138 κόρης

389 1147 619 1211 παιᾶνα,
644 1163 858 1225 γυμνας
886 1140 1120 1209 εὐχερῶς
1142 1143 1414 1206 ἐπωμίδας

393 1213 549 1283 κώπῃ
571 1209 1054 1293 προσαρμόσαντες
1077 1214 1134 1262 ἐκ
1157 1215 1248 1262 κελ
1257 1207 1537 1277 εύσιιατος.
1770 1220 1881 1266 1405

390 1287 525 1335 ιιαλλ
532 1303 596 1334 ον
618 1281 676 1334 65
703 1286 912 1361 μᾶλλον
934 1278 1069 1345 πρὸς
1095 1282 1293 1344 πέτρας
1319 1276 1395 1350 ᾔει
1421 1278 1657 1346 σκάφος·

387 1349 460 1418 χῶ
482 1353 582 1420 μέν
609 1373 687 1414 τις
707 1372 780 1414 εις
803 1349 1089 1403 θάλασσαν
1113 1347 1345 1434 ὡρμήθη
1368 1352 1548 1416 ποσίν,

386 1420 547 1506 ἄλλος
570 1420 627 1473 65
649 1418 880 1483 πλεκτὰς
901 1421 1197 1486 ἐξανῆπτεν
1219 1416 1476 1507 άγκύλ.ας

387 1489 566 1578 καγώ
561 1490 659 1543 u5v
680 1487 855 1553 εὐθυς
877 1487 1012 1557 πρὸς
1034 1488 1092 1540 σὲ
1117 1487 1271 1568 δεῦρ’
1297 1485 1625 1556 ἀπεστάλην,

386 1562 466 1613 σοὶ
495 1582 588 1623 τας
612 1561 827 1613 ἐκεῖθεν
849 1577 1136 1641 σημανων
1160 1555 1321 1625 ἄναξ,
1344 1558 1524 1625 τύχας.
1773 1569 1885 1613 1410

387 1627 508 1683 αλλ’
536 1631 691 1697 ἕρπε
714 1626 886 1697 δεσμὰ
906 1629 994 1681 καὶ
1015 1626 1250 1697 βρόχους
1271 1626 1457 1697 λαβὼν
1477 1636 1685 1695 χεροῖν·

388 1704 437 1753 εἰ
441 1721 526 1786 μη
551 1698 651 1768 γὰρ
674 1672 834 1766 οἶδμα
855 1697 1095 1766 νήνεμον
1122 1716 1424 1766 γενησεται,

389 1766 492 1822 οὐκ
515 1773 661 1822 ἔστιν
683 1768 830 1831 ἐλπὶς
851 1778 960 1830 τοῖς
981 1768 1154 1831 ξένοις
1175 1772 1455 1853 σωτηρίας.

386 1838 595 1922 πόντου
620 1834 670 1891 6'
698 1834 979 1905 ανάκτωρ’
981 1836 1136 1890 Ἰλιόν
1158 1834 1204 1890 τ’
1230 1838 1518 1890 ἐπισκοπεῖ

390 1906 588 1999 σεμνὸς
607 1911 924 1974 Ποσειδῶν
946 1910 1277 1993 Πελᾞοπιδαις
1301 1904 1351 1960 δ’
1381 1907 1642 1970 ἐναντίος.
1771 1919 1881 1962 1415

386 1979 473 2031 καὶ
495 1982 602 2030 νῦν
624 1979 840 2043 παρέξει
867 1978 963 2030 τὸν
990 1977 1079 2061 'Ay
1083 1980 1388 2045 αμέμνονος
1411 1976 1475 2046 γό
1486 1997 1583 2029 νον

388 2049 473 2100 σοὶ
494 2048 583 2100 καὶ
604 2052 871 2115 πολίταις,
897 2045 969 2110 ὡς
980 2051 1197 2130 50cA5v,
1220 2047 1279 2099 ἐν
1270 2057 1480 2132 χεροῖν

389 2123 578 2203 λαβεῖν
591 2118 840 2200 ἀδελφήν
866 2119 949 2172 θ’.
937 2112 1002 2187 ἢ
1024 2116 1203 2184 φόνον
1226 2116 1323 2169 τὸν
1343 2113 1547 2170 Αὐλίδι

387 2185 808 2276 ἀμνημόνευτον
830 2191 936 2257 θεᾷ
959 2184 1229 2252 προδοῦσ’
1258 2184 1549 2240 ἁλίσκεται.

239 2263 347 2310 ΧΟ.
391 2279 430 2310 ω
455 2261 662 2325 τλῆμον
678 2244 992 2325 Ἰφιγένεια,
1017 2256 1299 2323 συγγόνου
1322 2257 1453 2324 μέτα
1774 2268 1884 2312 1420

387 2335 555 2380 θανεῖ
572 2327 735 2379 πάλιν
757 2330 1003 2415 μολοῦσα
1025 2328 1307 2378 δεσποτων
1328 2326 1502 2393 χέρας.

233 2402 345 2450 ΘΟ.
388 2399 428 2449 ω’
445 2397 652 2481 ,πάντες
673 2393 825 2448 ἀστοὶ
846 2398 1008 2464 τῆσδε
1029 2395 1315 2484 βαρβάρου
1337 2393 1558 2464 χθονός,

393 2464 496 2518 οὐκ
516 2472 597 2518 εἰα
617 2465 821 2528 πώλοις
843 2466 1169 2549 ἐμβαλόντες
1190 2462 1346 2547 ἡνίας

391 2534 680 2601 παράκτιοι
702 2539 1001 2601 δραμεῖσθε
1024 2531 1295 2621 κακβολὰς
1316 2555 1453 2597 νεως

383 2602 501 2658 Ελλ
511 2608 694 2671 ηνίδος
716 2606 966 2673 δέξεσθε,
990 2621 1097 2657 συν
1116 2602 1175 2656 65
1196 2609 1259 2674 τῇ
1279 2608 1393 2676 θεῷ
1776 2614 1882 2660 1425

389 2676 721 2737 σπεύδοντες
742 2674 947 2758 ανδρας
970 2677 1255 2760 δυσσεβεῖς
1275 2661 1572 2742 θηράσετε,

388 2745 440 2796 οὶ
435 2740 512 2796 δ’
537 2764 912 2830 ωκυπομπους
934 2740 1101 2807 ἕλξετ’
1128 2747 1201 2806 εἰς
1221 2743 1429 2797 πόντον
1446 2743 1648 2807 πλάτας

392 2810 466 2876 ὡς
487 2814 544 2865 ἐκ
565 2812 848 2899 θαλάσσης
869 2816 928 2866 5'A
948 2834 1005 2866 τε
1027 2817 1124 2881 γῆς
1152 2812 1448 2882 ἱππεύμασι

393 2882 653 2945 λαβόντες
675 2879 877 2946 αὐτους
900 2879 931 2950 ἢ
952 2882 1087 2936 κατὰ
1108 2865 1359 2946 στύφλου
1381 2883 1579 2946 πέτρας
