2018 3117
777 88 1030 136 ΤΡΩΙΑΔ
1035 89 1127 134 ΕΣ

284 238 442 304 κείνη
469 230 522 287 δ’
550 228 751 303 ὁμοίως
777 226 960 301 ῶσπερ
987 225 1089 284 οὐκ
1116 232 1312 283 ἰδοῦσα
1337 232 1455 299 φῶς

285 320 520 424 ἶέθνηκε
545 313 748 372 κούδὲν
772 313 888 370 οἶδε
912 319 1023 368 τῶν
1049 309 1217 384 αὐτῆς
1240 317 1443 367 κακῶν.

285 400 391 473 ἐγῶ
420 401 480 457 δὲ
503 399 799 488 τοξεύσασα
827 404 921 469 τῆς
948 395 1195 463 ευδοξίας

290 492 530 557 λαχοῦσα
557 493 813 540 πλεῖστον
837 489 934 551 τῆς
956 484 1124 551 τύχης
1146 483 1477 553 ἡμαρτανον.

287 595 320 626 α
345 569 449 643 γὰρ
474 569 693 640 γυναιξι
716 563 965 638 σῶφρον
995 562 1118 621 ε”σθ
1140 561 1439 636 ηὑρημένα,

285 652 440 711 ταῦτ’
469 653 806 724 ἐξεμόχθουν
827 647 1087 722 ’Έκτορος
1108 647 1246 704 κατὰ
1269 650 1475 720 στέγας.

289 746 508 811 πρῶτον
532 739 660 808 μέν,
689 743 829 792 ἔνθα
852 730 957 789 κᾶν
979 739 1156 806 προσῇ
1181 729 1285 788 κᾶν
1308 731 1381 804 μὴ
1409 739 1586 809 προσῇ

287 824 453 894 ψόγος
476 824 756 893 γυναιξίν,
786 817 920 874 αὐτὸ
944 815 1095 874 τοῦτ’
1124 820 1409 888 ἐφέλκεται

289 914 469 972 κακῶς
494 903 747 975 ἀκούειν,
774 902 891 976 ἥτις
917 900 1018 958 οὐκ
1046 906 1209 957 ἔνδον
1234 904 1403 973 μένει,

289 992 487 1048 τούτου
512 1003 746 1062 παρεῖσα
770 989 953 1046 πόθον
979 993 1209 1058 ἔμιμνον
1234 989 1294 1042 ἐν
1319 986 1508 1058 δόμοις

293 1085 421 1133 εἴσω
447 1075 769 1148 μελάθρων·
797 1071 980 1144 κομψὰ
1003 1077 1250 1143 θηλειῶν
1276 1077 1376 1142 ἔπη

291 1158 394 1217 οὐκ
439 1164 810 1233 εἰσεφριέμην,
840 1159 935 1213 τὸν
961 1157 1022 1212 δὲ
1045 1162 1185 1212 νοῦν
1212 1156 1548 1212 διδάσκαλον

289 1254 520 1303 οἴκοθεν
546 1250 744 1315 ἔχουσα
767 1240 1005 1315 χρηστὸν
1029 1241 1296 1312 ἐξήρκουν
1320 1244 1454 1311 ἐμοί.

292 1330 539 1402 γλῶσσης
562 1353 620 1385 τε
644 1348 697 1384 σι
679 1328 806 1400 γὴν
833 1351 978 1398 ομμα
1005 1323 1065 1381 θ’
1095 1323 1302 1396 ἥσυχον
1328 1327 1484 1381 πόσει

291 1428 578 1487 παρεῖχον·
634 1418 741 1484 ἤδη
789 1410 840 1468 δ’
871 1410 972 1483 ἁμε
994 1416 1133 1483 χρῆν
1157 1416 1320 1465 νικᾶν
1345 1410 1526 1480 πόσιν,

290 1522 456 1574 κεινῳ
482 1522 537 1554 τε
561 1505 725 1570 νίκην
750 1491 829 1553 ῶν
853 1499 1017 1569 ἐχρῆν
1041 1496 1312 1567 παριέναι.

291 1585 384 1639 καὶ
408 1589 584 1639 τῶνδε
609 1582 829 1654 κληδῶν
855 1587 930 1646 εις
955 1576 1247 1652 στρατευμ’
1280 1576 1532 1649 Ἀχαϊκόν

898 1660 1342 1687 ,,,,,

287 1748 571 1823 Ἀχιλλέως
595 1776 662 1824 με
687 1765 813 1817 παῖς
837 1749 1119 1822 εβουλήθη
1145 1721 1337 1819 λαβεῖν

294 1837 568 1941 δάμαρτα·
598 1837 883 1893 δουλεύσω
910 1840 941 1890 δ
950 1832 963 1852 '
993 1838 1052 1890 ἐν
1078 1831 1372 1889 αὐθεντῶν
1397 1831 1600 1904 δόμοις.

294 1927 382 1976 κει
401 1945 502 1993 μεν
522 1919 802 1994 παρῶσασ’
825 1917 1082 1992 Ἐκτορος
1108 1925 1275 1989 φιλον
1299 1940 1440 1991 καρα

293 2004 429 2077 πρὸς
452 2004 548 2061 τὸν
575 2007 821 2078 παρόντα
846 2004 1008 2061 πόσιν
1034 2001 1323 2069 ἀναπτύξω
1351 2002 1545 2074 φρένα,

292 2089 432 2161 κακὴ
463 2097 748 2162 φανοῦμαι
772 2095 847 2146 τῶ
871 2088 1131 2145 θανόντι·
1158 2087 1320 2143 τόνδε
1346 2083 1399 2143 δ’
1428 2086 1500 2142 αὐ

295 2173 583 2242 στέργουσ’
612 2177 848 2245 ἐμαυτῆς
873 2175 1161 2236 δεσπόταις
1185 2175 1499 2242 μισήσομαι.

294 2265 472 2315 καίτοι
495 2261 754 2331 λέγουσιν
781 2255 853 2322 ῶς
875 2254 957 2328 μί’
988 2253 1237 2327 εὐφρόνη
1262 2260 1401 2326 χαλᾷ

295 2341 355 2398 τὸ
385 2343 652 2414 δυσμενὲς
675 2341 940 2415 γυναικὸς
966 2347 1041 2405 εἰς
1067 2338 1271 2411 ἀνδρὸς
1295 2340 1473 2408 λέχος·

296 2423 584 2494 [ἀπέπτυσ’
613 2426 816 2499 αὐτήν,
843 2424 960 2497 ἥτις
983 2423 1161 2495 ἄνδρα
1186 2421 1284 2478 τὸν
1307 2421 1477 2494 πάρος

297 2525 536 2567 καινοῖσι
560 2515 806 2584 λέκτροις
830 2504 1171 2581 ἆποβαλοῦσ’
1200 2504 1369 2562 ἄλλον
1393 2509 1580 2576 φιλεῖ.]

294 2592 416 2650 ἄλλ’
444 2593 576 2652 οὐδὲ
603 2603 782 2660 πῶλος
808 2592 924 2667 ἥτις
954 2590 1023 2648 ἂν
1048 2597 1276 2664 διαζυγῇ

294 2685 388 2750 τῆς
414 2687 844 2754 συντραφείσης,
870 2682 1073 2750 ῥᾳδίως
1095 2678 1235 2742 ἕλξει
1259 2677 1440 2746 ζυγόν.

296 2770 475 2819 καίτοι
497 2763 557 2821 τὸ
581 2769 859 2836 θηριῶδες
885 2759 1179 2834 ἄφθογγόν
1202 2757 1252 2816 τ’
1280 2766 1389 2830 ε”φυ

297 2849 515 2916 ξυνέσει
537 2845 586 2904 τ’
616 2846 885 2923 ἄχρηστον
909 2852 974 2920 τῇ
1000 2847 1167 2919 φύσει
1191 2868 1249 2900 τε
1272 2850 1532 2900 λείπεται.

1645 82 1744 133 367

1669 577 1753 622 645

1672 1001 1756 1046 650

1672 1422 1753 1466 655

1674 1844 1757 1888 660

1678 2684 1730 2730 67
1733 2687 1763 2727 0
