2018 3117
209 74 308 126 308

279 214 500 278 νῆσθαι.
542 211 643 261 τοῦ
663 203 990 275 δὲἝκτορος
1010 203 1465 274 ἀπολογουμένου
1481 203 1582 276 τὴν
1598 202 1870 277 ἀλήθειαν

280 289 466 354 αὐτοῖς
487 288 761 359 ἐμήνυσεν
785 285 818 356 ἡ
849 291 952 340 τοῦ
969 284 1164 355 Ῥήσου
1187 284 1362 355 μήτηρ
1383 284 1416 355 ἡ
1437 291 1649 342 Μοῦσα
1668 284 1872 356 νεκρὸν

279 378 575 444 κομίζουσα
596 369 655 424 τό
680 373 852 438 σῶμα.
895 369 1311 436 κατοδυρομένη
1333 368 1392 420 δὲ
1414 368 1504 421 καὶ
1521 369 1621 423 τὸν
1642 371 1871 423 ἐπιπλα-

279 457 442 509 κέντα
472 450 611 522 αὐτῇ
641 448 943 518 Στρυμόνα
970 446 1060 502 διὰ
1089 447 1149 501 τὸ
1191 452 1292 500 τοῦ
1322 446 1516 511 παιδὸς
1547 451 1753 513 πένθος
1785 449 1873 503 καὶ

239 551 266 592 5
284 535 379 588 τὸν
401 536 453 598 ἐξ
477 534 692 586 ἐκείνου
713 527 1324 600 γεγενημένονῬῆσον,
1362 525 1489 582 οὐδ’
1515 527 1748 597 Ἀχιλλεῖ
1763 552 1875 600 φη·-

281 632 370 670 σιν
400 613 719 682 ἀδάκρυτον
750 616 1005 682 ἔσεσθαι,
1035 617 1110 684 τῷ
1131 616 1302 683 κοινῷ
1321 615 1434 664 τῶν
1455 612 1743 680 ἐπιφανῶν
1765 621 1876 667 θα-

281 695 426 768 νάτῳ
447 694 546 765 τὴν
569 698 714 749 ἰδίαν
735 694 1217 763 παραμυθουμένη
1241 693 1441 761 λύπην.

422 782 583 832 τοῦτο
604 777 664 831 τὸ
685 779 866 847 δρᾶμα
887 780 1025 830 ἔνιοι
1054 775 1233 830 νόθον
1261 772 1610 844 ὑπενόησαν,
1641 773 1877 844 Εὐριπί-

284 863 386 914 δου
409 859 466 912 δὲ
488 861 560 928 μὴ
583 856 721 912 εἶναι
737 881 747 891 ·
789 856 887 912 τὸν
907 856 1012 928 γὰρ
1034 857 1386 926 Σοφόκλειον
1407 861 1616 925 μᾶλλον
1633 852 1875 924 ὑποφαί-

216 958 270 1000 10
289 963 408 996 νειν
427 945 757 1010 χαρακτῆρα.
784 941 845 994 ἐν
872 941 1059 1008 μέντοι
1090 949 1204 1001 ταῖς
1237 941 1613 1000 διδασκαλίαις
1650 933 1723 1000 ῶς
1742 935 1878 1006 γνή-

284 1040 408 1077 σιον
428 1020 862 1091 ἀναγέγραπται,
885 1023 975 1074 καὶ
998 1018 1026 1089 ἡ
1051 1021 1175 1087 περὶ
1195 1020 1260 1072 τὰ
1282 1020 1545 1087 μετάρσια
1569 1016 1627 1072 δὲ
1651 1019 1709 1071 ἐν
1727 1014 1877 1091 αύτῷ

284 1102 794 1173 πολυπραγμοσύνη
817 1100 915 1155 τὸν
934 1100 1249 1170 Εὐριπίδην
1270 1099 1548 1170 ὁμολογεῖ.

427 1186 693 1254 πρόλογοι
721 1183 781 1238 δὲ
811 1185 983 1237 διττοὶ
1010 1185 1291 1253 φέρονται.
1335 1179 1361 1236 ὁ
1386 1187 1527 1251 γοῦν
1547 1185 1882 1249 Δικαίαρχος

284 1271 520 1332 ἐκτιθεὶς
552 1266 652 1336 τὴν
684 1264 962 1320 ὑπόθεσιν
992 1271 1094 1320 τοῦ
1120 1263 1316 1334 Ῥήσου
1349 1263 1552 1334 γράφει
1575 1262 1710 1318 κατὰ
1736 1265 1882 1326 λέξιν

223 1368 269 1410 15
293 1349 488 1415 οὕτως·

545 1439 651 1487 νῦν
674 1429 976 1501 εὐσέληνον
999 1433 1203 1501 φέγγος
1223 1427 1255 1500 ἡ
1279 1428 1630 1500 διφρήλατος.

290 1519 350 1569 ἐν
373 1518 536 1579 ἐνίοις
557 1516 616 1568 δὲ
637 1520 749 1567 τῶν
784 1511 1149 1583 ἀντιγράφων
1182 1512 1366 1583 ἕτερός
1393 1533 1474 1575 τις
1497 1514 1719 1581 φέρεται
1745 1508 1879 1579 πρό-

291 1605 454 1668 λογος
469 1639 484 1667 ,
508 1595 664 1661 πεζὸς
683 1595 833 1649 πάνυ
855 1598 944 1648 καὶ
968 1593 1034 1648 οὐ
1059 1597 1284 1663 πρέπων
1302 1591 1610 1664 Εὐριπίδῃ·
1643 1592 1733 1645 καὶ
1752 1590 1880 1659 τάχα

290 1677 360 1733 ἄν
396 1702 542 1744 τινες
579 1683 690 1732 τῶν
729 1675 1051 1747 ὑποκριτῶν
1093 1673 1509 1738 διεσκευακότες
1544 1671 1653 1727 εἷεν
1693 1669 1875 1726 αὐτόν.

218 1777 274 1821 20
292 1767 397 1832 ἔχει
430 1762 488 1817 δὲ
522 1759 721 1826 οὕτως·

430 1838 474 1898 ῶ
493 1849 593 1898 τοῦ
619 1848 876 1913 μεγίστου
898 1840 1076 1911 Ζηνὸς
1094 1838 1329 1909 ἄλκιμον
1349 1841 1502 1901 τέκος

429 1926 664 1996 Παλλάς,
689 1930 744 1980 τί
767 1927 1009 1995 δρῶμεν;
1028 1919 1132 1976 οὐκ
1155 1923 1318 1991 ἐχρῆν
1339 1918 1477 1990 ἡμᾶς
1497 1922 1576 1973 ἔτι

431 2008 647 2076 μέλλειν
665 2005 893 2074 Ἀχαιῶν
917 2002 1154 2073 ὠφελεῖν
1175 2002 1566 2072 στρατεύματα.

433 2097 540 2144 νῦν
560 2089 666 2160 γὰρ
688 2095 867 2152 κακῶς
889 2088 1233 2157 πράσσουσιν
1255 2090 1315 2142 ἐν
1336 2086 1479 2158 μάχῃ
1503 2084 1692 2154 δορός,

221 2186 278 2229 25
430 2172 598 2244 λόγχῃ
624 2176 813 2242 βιαίως
830 2169 1090 2239 Ἕκτορος
1111 2170 1530 2239 στροβούμενοι.
1595 2184 1597 2187 ’

435 2257 552 2324 ἐμοὶ
573 2253 677 2323 γὰρ
700 2250 868 2307 οὐδὲν
891 2256 1038 2305 ἔστιν
1060 2249 1274 2318 ἀλγέων
1296 2247 1453 2319 ἄκος,

433 2338 486 2401 ἐξ
506 2329 640 2406 σύγ’
658 2339 840 2402 ἔκρινε
861 2335 1087 2402 Κύπριν
1129 2330 1480 2411 Ἀλέξανδρος
1500 2328 1641 2385 θεὰν

435 2419 623 2473 κάλλει
645 2417 909 2487 προήκειν
926 2422 1018 2485 τῆς
1039 2417 1167 2484 ἐμῆς
1189 2412 1496 2483 εὐμορφίας

436 2503 526 2554 καὶ
546 2506 670 2571 σῆς,
702 2497 909 2553 Ἀθάνα
925 2541 939 2568 ,
979 2499 1241 2567 φιλτάτης
1261 2495 1379 2564 ἐμοὶ
1398 2499 1577 2564 θεῶν,

226 2597 283 2642 30
437 2581 573 2652 εἰμὴ
597 2593 1040 2651 κατασκαφεῖσαν
1062 2577 1267 2647 ὄψομαι
1288 2577 1450 2631 πόλιν

435 2664 695 2734 Πριάμου
718 2668 811 2736 βία
831 2662 1128 2733 πρόρριζον
1149 2658 1589 2729 ἐκτετριμμένην.
