2018 3117
710 803 1283 861 ΥΠΟΘΕΣΙΣ.

305 1025 494 1083 ’Ῑάσων
519 1031 592 1092 είς
613 1028 902 1096 Κόρινθον
925 1027 1106 1082 ἐλθών
1121 1071 1135 1099 ,
1158 1029 1495 1098 ἐπαγόμενος
1516 1033 1605 1086 καὶ
1618 1030 1752 1101 Μήι

170 1114 327 1165 δειαν
341 1152 356 1180 ,
377 1111 636 1178 ἐγγυᾶται
655 1110 745 1164 καὶ
766 1109 866 1178 τὴν
885 1112 1161 1179 Κρέοντος
1180 1117 1281 1164 τοῦ
1301 1117 1625 1179 Κορινθίων
1646 1119 1744 1183 βα-

168 1195 358 1253 σιλέως
378 1191 658 1259 θυγατέρα
675 1192 934 1260 Γλαύκην
956 1189 1093 1260 πρὸς
1118 1191 1312 1260 γάμον.
1339 1195 1611 1260 μέλλουσα
1631 1191 1690 1247 δὲ
1711 1191 1745 1263 ἡ

170 1271 389 1340 Μήδεια
426 1271 843 1341 φυγαδεύεσθαι
878 1268 987 1324 ὑπὸ
1013 1275 1287 1340 Κρέοντος
1322 1273 1381 1325 ἐκ
1418 1278 1512 1341 τῆς
1540 1278 1744 1343 Κορίν-

167 1360 298 1421 θου,
326 1351 767 1421 παραιτησαμένη
786 1351 920 1419 πρὸς
947 1357 1078 1419 μίαν
1108 1349 1317 1421 ἡμέραν
1336 1363 1516 1421 μεῖναι
1537 1356 1626 1407 καὶ
1644 1365 1784 1409 τυιό

167 1441 340 1504 χοῦσα
354 1477 368 1504 ‚
402 1433 607 1503 μισθὸν
624 1440 717 1502 τῆς
732 1435 947 1503 χάριτος
969 1439 1118 1503 δῶρα
1140 1433 1229 1489 δια
1251 1440 1362 1488 τῶν
1381 1439 1592 1489 παίδων
1612 1438 1750 1505 πέμ-

167 1536 255 1569 πει
271 1517 565 1587 τῇΓλαύκῃ
589 1517 793 1584 ἐσθῆτα
812 1517 900 1568 καὶ
924 1521 1171 1583 χρυσοῦν
1190 1516 1480 1584 στέφανον,
1502 1511 1583 1580 οἷς
1608 1518 1749 1570 ἐκεί-

168 1617 232 1665 νη
254 1598 561 1665 χρησαμένη
584 1599 965 1664 διαφθείρεται
981 1616 994 1630 ·
1026 1594 1159 1649 καὶὸ
1182 1598 1378 1665 Κρέων
1399 1597 1458 1650 δὲ
1479 1604 1749 1664 περιπλα-

165 1679 276 1740 κεὶς
312 1682 377 1747 τῇ
412 1676 650 1746 θυγατρὶ
691 1675 954 1730 ἀπώλετο.
1026 1677 1249 1745 Μήδεια
1289 1676 1347 1730 δὲ
1388 1676 1518 1742 τοὺς
1551 1679 1748 1747 ἑαυτῆς

166 1761 359 1821 παῖδας
396 1755 760 1811 ἀποκτείνασα
799 1760 885 1812 ἐπὶ
915 1756 1153 1827 ἅρματος
1187 1758 1506 1825 δρακόντων
1537 1779 1748 1825 πτερω·
1762 1774 1819 1814 lc>

164 1844 275 1892 τῶν
296 1835 328 1892 ὃ
351 1836 482 1907 παρ’
509 1837 699 1892 (Ηλίου
727 1843 922 1909 ἔλαβεν
943 1844 1135 1908 ἔποχος
1155 1841 1421 1908 γενομένη
1443 1837 1747 1908 ἀποδιδρά-

164 1936 282 1974 σκει
313 1924 386 1983 εἰς
412 1917 648 1988 Ἀθήνας
681 1919 839 1974 κάκεῖ
857 1926 1013 1990 Αἰγεῖ
1039 1927 1112 1993 τῷ
1147 1925 1454 1984 Πανδίονος
1482 1932 1744 1990 γαμεῖται.

165 1999 481 2069 Φερεκύδης
507 2001 565 2053 δὲ
587 2001 675 2054 καὶ
697 2006 1011 2070 Σιμωνίδης
1034 2003 1203 2070 φασὶν
1226 1999 1298 2065 ὡς
1319 2001 1350 2070 ἡ
1373 2000 1594 2070 Μήδεια
1616 1999 1748 2055 ἆνε-

167 2081 381 2149 ψήσασα
401 2079 497 2133 τὸν
513 2080 722 2134 Ἰάσονα
751 2083 882 2135 νέον
899 2083 1159 2150 ποιήσειε.
1199 2083 1321 2151 περὶ
1342 2083 1400 2136 δὲ
1421 2087 1520 2135 τοῦ
1542 2080 1748 2149 πατρὸς

163 2161 339 2218 αὐτοῦ
358 2171 597 2229 Αἴσονος
618 2163 645 2219 ὁ
670 2164 799 2230 τούς
819 2165 1053 2229 νόστους
1073 2164 1304 2234 ποιήσας
1325 2167 1494 2234 φησὶν
1515 2163 1717 2229 οὕτως·
1761 2176 1815 2222 15

301 2246 493 2301 αὐτίκα
512 2246 568 2300 δ’
589 2255 802 2301 Αἴσονα
822 2257 963 2318 θῆκε
983 2252 1146 2316 φίλον
1165 2247 1336 2314 κόρον
1356 2245 1637 2315 ἡβώοντα,

301 2332 468 2397 γῆρας
489 2326 808 2394 ἆποξύσασα
829 2331 1035 2399 ἰδυίῃσι
1058 2331 1406 2395 πραπίδεσσι,

302 2410 562 2479 φάρμακα
589 2409 746 2465 πόλλ’
775 2408 970 2475 ἕψουσ’
996 2412 1083 2463 ἐπὶ
1100 2413 1401 2478 χρυσείοισι
1422 2409 1660 2476 λέβησιν.
1725 2465 1840 2480 ..—

162 2492 434 2559 Αἰσχύλος
455 2489 506 2544 δ’
533 2495 592 2545 έν
613 2504 726 2556 ταῖς
749 2491 1038 2547 Διονύσου
1059 2501 1283 2559 τροφοῖς
1305 2492 1512 2557 ἱστορεῖ
1537 2488 1620 2542 ὅτι
1650 2489 1740 2540 καὶ

162 2576 255 2635 τὰς
268 2572 555 2627 Διονύσου
566 2573 810 2643 τροφοὺς
824 2573 956 2640 μετὰ
969 2577 1080 2625 τῶν
1100 2571 1321 2639 ἀνδρῶν
1335 2569 1519 2623 αὐτῶν
1533 2567 1743 2636 ἀνεψή-
1754 2581 1812 2626 20

163 2670 299 2707 σασα
313 2656 640 2724 ε’νεοποίησε.
664 2655 960 2723 Στάφυλος
974 2654 1036 2706 δέ
1051 2669 1185 2722 φησι
1199 2653 1294 2705 τὸν
1311 2651 1522 2706 Ἰάσονα
1536 2650 1841 2717 τρόπον*

162 2732 283 2788 τινα
322 2732 430 2787 ὑπὸ
469 2740 563 2803 τῆς
591 2740 839 2805 Μηδείας
876 2733 1240 2802 ἀναιρεθῆναι
1254 2753 1268 2767 ·
1310 2736 1741 2801 ἐγκελεύσασθαι

162 2811 266 2883 γὰρ
289 2812 463 2883 αὐτὴν
484 2813 659 2879 οὕτως
679 2813 789 2870 ὑπὸ
812 2821 877 2886 τῇ
893 2816 1117 2884 πρύμνῃ
1138 2819 1231 2882 τῆς
1246 2811 1719 2936 Ἀργοῗξκατακοο

291 2919 440 2950 ΕνΒῐΡ.
478 2921 579 2952 vot.
616 2911 664 2953 Π.
1436 2917 1448 2933 ²
