2018 3117
204 79 305 130 318
925 83 1155 130 ΡΗΣΟΣ

394 223 723 294 ναύσταθμα
746 221 847 294 βὰς
874 228 1145 280 κατιδεῖν·
1173 220 1376 295 ἄγαμαι

396 307 657 379 λήματος·
687 299 723 378 ἦ
748 313 953 363 σπανία
1780 324 1866 368 245

396 398 508 447 τῶν
538 388 798 462 άγαθῶν,
831 385 1024 466 ὅτανῇ

395 474 662 532 δυσάλιον
691 479 751 532 ἐν
773 477 998 550 πελάγει
1025 479 1118 534 καὶ
1141 477 1348 551 σαλεύῃ

394 560 566 624 πόλις.
594 567 707 617 ἔστι
731 569 975 634 Φρυγῶν
997 587 1077 628 τις
1102 569 1250 619 ἔστιν
1275 560 1527 633 ἄλκιμος·
1781 578 1866 620 250

394 651 477 701 ἔνι
513 646 575 701 δὲ
609 646 820 718 θράσος
852 650 913 703 ἐν
957 654 1148 722 αι’χμᾷ·
1192 649 1318 703 ποτὶ
1351 653 1599 718 Μυσῶν,
1638 645 1697 713 ὃς
1730 647 1866 720 ἐμὰν

959 738 1273 804 συμμαχίαν
1298 730 1480 801 ἀτίζει.

398 812 505 870 τίν’
533 812 694 887 ἄνδρ’
723 812 954 886 Ἀχαιῶν
978 815 1006 874 ὁ
1031 816 1361 889 πεδοστιβὴς
1388 815 1638 890 σφαγεὺς
1742 814 1858 871 ἆντ.

393 897 615 957 οὐτάσει
640 903 701 956 ἐν
723 907 986 975 κλισίαις,
1012 902 1322 972 τετράπουν
1783 915 1865 958 255

393 997 559 1057 μῖμον
586 992 725 1057 ἔχων
750 987 838 1041 ε’πὶ
863 993 968 1058 γᾶν

391 1070 595 1142 θηρός;
626 1073 740 1128 ἕλοι
763 1074 1044 1144 Μἐνέλαν,

393 1154 613 1211 κτανών
637 1152 689 1210 δ’
715 1153 1148 1227 Ἀγαμεμνόνιον
1172 1154 1329 1230 κρᾶτ’
1364 1159 1579 1230 ἐνέγκοι

387 1237 576 1295 Ελένα
605 1240 995 1313 κακόγαμβρον
1020 1245 1073 1307 ἐς
1095 1243 1255 1315 χέρας
1278 1241 1441 1314 γόον,
1782 1255 1865 1298 260

392 1320 451 1389 ὃς
477 1326 565 1380 ἐπι
590 1325 778 1396 πόλιν,
817 1322 875 1390 ὃς
913 1329 966 1391 ἐς
1000 1333 1106 1398 γᾶν
1138 1332 1341 1396 Τροΐαν
1374 1326 1664 1398 χιλιόναυν
1690 1324 1869 1399 ἤλυθ’

963 1417 1102 1484 ἔχων
1124 1419 1433 1485 στρατείαν.

203 1500 305 1550 ΑΓ
301 1498 361 1549 Γ
389 1491 522 1561 άναξ
538 1538 552 1565 ,
583 1495 850 1551 τοιούτων
875 1497 1227 1554 δεσπόταισιν
1252 1496 1482 1569 άγγελος

395 1587 515 1650 εἰήν
538 1578 597 1635 τὸ
622 1579 819 1636 λοιπὸν
844 1578 932 1637 οἷά
963 1600 1048 1638 σοι
1079 1584 1230 1654 φέρω
1256 1591 1477 1652 μαθεῖν.
1781 1593 1864 1636 265

204 1670 316 1719 ΕΚ.
388 1666 461 1735 ἠ
448 1663 606 1721 πόλλ’
637 1663 942 1738 άγρῶσταις
968 1685 1130 1722 σκαια
1156 1667 1476 1738 πρόσκειται
1502 1672 1694 1766 φρενί·

390 1751 483 1805 καὶ
507 1774 609 1822 γαρ
634 1748 703 1806 σὺ
731 1757 965 1822 ποίμνας
991 1751 1280 1817 δεσπόταις
1303 1753 1693 1823 τευχεσφόροις

392 1831 549 1906 ἥκειν
575 1841 754 1900 ἔοικας
779 1833 1028 1908 ἀγγελῶν
1054 1834 1130 1892 ἵν’
1162 1834 1228 1892 οὐ
1254 1840 1465 1908 πρέπει.

396 1916 498 1974 οὐκ
523 1920 687 1976 οἶσθα
712 1925 868 1992 δῶμα
892 1920 1100 2025 τούμόγ
1125 1917 1159 1993 ἢ
1182 1921 1428 1995 θρόνους
1452 1919 1672 1993 πατρός,

398 1999 453 2058 οἷ
473 2011 610 2077 χρῆν
636 2020 904 2076 γεγωνεῖν
929 2005 980 2063 σ’
1022 2003 1360 2077 εὐτυχοῦντα
1389 2014 1641 2078 ποίμνια;
1779 2016 1863 2062 270

210 2093 360 2146 ΑΓΓ.
398 2091 580 2144 σκαιοὶ
604 2093 831 2161 βοτῆρές
857 2094 1046 2163 ἐσμεν·
1073 2088 1176 2147 οὐκ
1202 2089 1377 2157 άλλως
1400 2093 1591 2162 λέγεις.

396 2171 516 2229 ἀλλ’
551 2172 718 2231 ουδεν
742 2176 912 2245 ἡσσόν
938 2195 1025 2232 σοι
1051 2199 1141 2247 φε
1097 2178 1201 2230 c'oco
1229 2174 1461 2242 κεδνους
1486 2175 1701 2246 λόγους.

203 2265 319 2314 ΕΚ.
389 2265 596 2315 παῦσαι
627 2263 836 2331 λέγων
831 2283 919 2315 ιιοι
944 2285 1037 2324 τας
1062 2268 1465 2329 προσαυλείους
1488 2260 1679 2330 τύχας·

394 2345 564 2415 μάχας
589 2344 695 2416 πρὸ
721 2351 921 2416 χειρῶν
948 2347 1040 2401 καὶ
1065 2344 1200 2415 δόρη
1225 2346 1577 2417 βαστάζομεν.

204 2434 307 2484 ΑΓ
303 2433 363 2483 Γ.
389 2435 614 2485 τοιαῦτα
638 2427 788 2501 κάγῶ
815 2436 1078 2502 σημανῶν
1108 2428 1353 2500 ἐλήλυθα
1370 2449 1380 2459 ·
1779 2441 1861 2485 275

397 2511 535 2585 ἀνὴρ
563 2513 666 2587 γὰρ
693 2512 860 2586 ἀρχῆς
889 2521 1088 2587 μυρίας
1118 2521 1503 2587 στρατηλατῶν

395 2606 594 2669 στείχει
625 2607 784 2670 φίλος
815 2603 900 2656 σοὶ
924 2598 1203 2672 σύμμαχός
1228 2622 1285 2655 τε
1309 2604 1439 2673 τῇδε
1464 2605 1549 2672 γῇ.

202 2689 320 2738 ΕΚ.
390 2690 549 2748 ποιάς
579 2685 832 2759 πατρῴας
860 2692 959 2757 γῆς
986 2683 1268 2757 ἐρημώσας
1296 2688 1496 2752 πε’δον;

205 2775 307 2823 ΑΓ
302 2773 363 2824 Γ.
392 2768 634 2841 Θρῄκης·
668 2770 870 2838 πατρὸς
895 2771 956 2827 δὲ
979 2769 1301 2843 Στρυμόνος
1324 2769 1690 2842 κικλήσκεται.

204 2859 320 2908 ΕΚ.
381 2850 572 2926 Ῥῆσον
596 2853 802 2910 τιθέντ’
834 2859 1014 2924 ἔλεξας
1039 2858 1098 2911 ἐν
1129 2860 1297 2930 Τροίᾳ
1320 2855 1493 2923 πόδα;
1775 2863 1860 2908 280
