2018 3117
245 106 350 158 384

251 2041 366 2090 XO.

251 2210 365 2260 ΕΚ.

253 2803 373 2851 XO.

881 107 1238 154 ΤΡΩΙΑΔΕΣ

439 254 614 322 γραῦς
641 243 832 311 ἄπολις
857 244 1082 310 ἄτεκνος
1105 243 1307 303 ἄθλιον
1330 249 1525 304 θάπτω
1548 253 1767 323 νεκρόν.

437 342 609 404 οἴμοι,
639 329 704 386 τὰ
731 329 890 388 πόλλ’
929 328 1248 402 ἀσπάσμαθ’
1278 336 1341 387 αἴ
1363 329 1413 387 τ’
1443 336 1565 404 ε’μαὶ
1587 338 1790 410 τροφαὶ

437 423 600 475 πόνοι
635 413 688 471 τ’
724 419 926 472 ἐκεῖνοι
954 415 1176 488 φροῦδά
1199 439 1307 487 μοι.
1334 423 1392 472 τί
1412 424 1510 473 καί
1529 442 1660 475 ποτε

436 503 702 604 γράψειεν
719 497 788 555 ἂν
809 508 889 575 σῷ
907 499 1241 572 μουσοποιὸς
1266 505 1325 557 ἐν
1348 502 1538 577 τάφῳ;

439 587 537 643 τόν
562 591 732 644 παῖδα
756 583 907 643 τόνδ
945 592 1196 642 ἔκτειναν
1215 583 1456 659 Ἀργεῖοί
1476 608 1637 643 ποτε
1801 603 1910 647 1190

442 678 751 739 δείσαντεςς
789 670 1016 772 αἰσχρὸν
1039 669 1427 744 τούπίγραμμά
1457 669 1510 743 γ’
1535 670 1655 727 QEM
1660 672 1766 728 άδι.

437 755 558 813 ἀλλ’
589 759 693 813 οὑν
716 757 988 832 πατρῴων
1013 754 1079 812 οὐ
1105 755 1288 828 λαχών
1314 754 1503 824 ἕξεις’
1473 781 1617 828 ομως

437 847 497 899 ἐν
525 835 561 915 ᾗ
584 842 818 914 ταφήσει
847 842 1199 914 χαλκόνωτον
1231 845 1396 897 ἰτέαν.

438 921 482 983 ῶ
508 934 853 1031 καλλίπηχυν
875 924 1131 999 Ἐκτορος
1155 934 1423 1001 βραχίονα

436 1011 691 1084 σι·ῡ’ζουσ’3
719 1011 946 1084 ἄριστον
972 1010 1178 1085 φύλακ’
1212 1010 1498 1078 ἀπώλεσας
1523 1015 1710 1069 σέθεν.
1802 1026 1912 1071 1195

443 1096 515 1163 ῶς
537 1056 691 1170 ‘1⁶261399
703 1101 762 1153 ἐν
788 1098 1031 1166 πόρπακι
1057 1095 1150 1162 σὸς
1173 1111 1347 1153 κεῖται
1374 1098 1542 1163 τύπος

437 1183 588 1248 ἴτυός
612 1181 660 1236 τ’
692 1186 751 1238 ἐν
777 1180 1088 1255 εὐτόρνοισι
1117 1182 1470 1255 περιδρόμοις
1505 1183 1687 1255 ἱδρώς,

437 1266 502 1325 δν
527 1272 585 1324 ἐκ
609 1267 865 1339 μετῶπου
895 1266 1156 1332 πολλάκις
1179 1268 1386 1333 πόνους
1410 1274 1549 1339 ἔχων

438 1360 659 1422 ἔσταζεν
677 1350 887 1423 Ἕκτωρ
915 1355 1234 1424 προστιθεὶς
1267 1353 1527 1425 γενειάδι.

438 1442 651 1511 φέρετε,
677 1433 902 1510 κομίζετ’
931 1435 1112 1513 ἀθλίῳ
1138 1439 1345 1510 κόσμον
1368 1445 1548 1513 νεκρῷ
1803 1452 1915 1496 1200

438 1547 498 1580 εκ
521 1530 673 1580 τῶν
659 1523 976 1596 παρόντων
1011 1522 1077 1579 οὐ
1104 1547 1206 1594 γαρ
1236 1529 1312 1589 εις
1335 1524 1533 1590 κάλλος
1557 1523 1723 1595 τύχας

440 1614 656 1680 δαίμων
683 1613 941 1666 δίδωσιν·
977 1601 1055 1664 ῶν
1081 1607 1133 1664 6'
1163 1615 1294 1679 εχω,
1323 1609 1486 1680 λήψει
1513 1609 1659 1664 τάδε.

441 1701 673 1766 θνητῶν
699 1695 760 1750 δε
783 1700 966 1767 μῶρος
992 1691 1139 1759 ὅστις
1166 1694 1228 1749 εὐ
1253 1712 1521 1766 πρασσειν
1547 1699 1729 1749 δοκῶν

441 1781 638 1851 βέβαια
660 1786 863 1852 χαίρει·
892 1791 1004 1844 τοις
1027 1779 1248 1851 τρόποις
1272 1803 1376 1850 γαρ
1401 1783 1462 1834 ac
1482 1778 1662 1851 τύχαι,

442 1871 744 1936 ἔμπληκτος
775 1862 847 1928 ῶς
875 1861 1198 1936 ἅνθρωπος,
1225 1861 1408 1920 ἄλλοτ’
1444 1861 1639 1919 ἄλλοσε
1805 1877 1913 1919 1205

444 1954 688 2056 πηδῶσι,
713 1947 936 2014 κούδεὶς
967 1947 1132 2015 αὐτὸς
1159 1947 1384 2020 εὐτυχεῖ
1403 1971 1548 2004 ποτε.

443 2057 536 2089 και
562 2059 672 2106 μην
697 2034 802 2107 πρὸ
828 2041 1030 2106 χειρῶν
1054 2040 1175 2091 αἵδε
1201 2054 1288 2091 σοι
1312 2041 1450 2090 σκυλ
1458 2056 1711 2105 ευματων

443 2126 710 2191 Φρυγίων
734 2123 968 2220 φέρουσι
993 2121 1200 2192 κόσμον
1225 2120 1473 2187 ἐξαπτειν
1499 2124 1697 2193 νεκρῶ.

444 2205 484 2258 ῶ
516 2207 738 2260 τέκνον.
727 2201 866 2275 οὐχ
891 2208 1106 2260 ιπποισι
1130 2204 1431 2276 νικήσαντα
1454 2223 1514 2258 σε

444 2286 568 2344 οὐδ
602 2287 670 2360 η’).
676 2313 793 2354 ικας
831 2288 1093 2360 τόξοισιν,
1123 2313 1219 2355 ους
1244 2288 1463 2360 Φρυγες
1492 2287 1699 2359 νόμους
1808 2302 1914 2346 1210

442 2380 700 2445 τιμῶσιν,
729 2372 832 2430 οὐκ
860 2380 935 2439 εἰς
959 2373 1272 2446 πλησμονὰς
1296 2373 1633 2445 θηρώμενοι,

445 2460 623 2531 μήτηρ
650 2460 851 2532 πατρός
877 2478 962 2514 σοι
992 2456 1320 2533 προστι’θησ’
1355 2456 1638 2530 ἀγάλματα

442 2550 555 2598 τῶν
586 2551 701 2600 σῶν
726 2542 848 2600 ποτ’
879 2541 1086 2614 ὄντων,
1112 2550 1220 2600 νῦν
1246 2546 1310 2600 δέ
1335 2541 1387 2599 σ’
1415 2540 1448 2614 ἡ
1472 2540 1780 2614 θεοστυγὴς

445 2625 705 2700 ἀφείλεθ’
729 2627 946 2701 Ἑλένη,
977 2628 1114 2700 πρὸς
1140 2629 1201 2685 δὲ
1225 2630 1316 2684 καὶ
1340 2627 1525 2701 ψυχὴν
1550 2629 1717 2683 σέθεν

447 2719 656 2770 ἔκτεινε
681 2717 771 2770 καὶ
798 2711 958 2770 πάντ’
986 2714 1141 2771 οἷκον
1167 2714 1525 2781 ἐξαπώλεσεν.
1810 2724 1918 2767 1215

445 2799 470 2853 ’ἒ
498 2803 549 2869 ἕ,
579 2805 804 2870 φρενῶν
