2018 3117
209 75 311 127 326

204 991 321 1039 PH.

203 1670 321 1720 ΕΚ.

204 2434 320 2482 ΧΟ.

325 1937 366 2053 ¹]

923 79 1152 144 ΡΗΣοΣ

399 215 458 285 ὃς
485 224 561 284 είς
589 215 824 282 Ἀθάνας
849 216 1021 290 σηκὸν
1047 224 1275 291 ἔννυχος
1299 219 1485 292 μολών

399 305 601 369 κλέψας
624 300 839 375 ἄγαλμα
863 309 1000 368 ναῦς
1025 301 1110 358 ἐπ’
1141 301 1405 376 Ἀργείων
1429 308 1601 380 φέρει.

398 386 504 460 ἤδη
536 384 590 443 δ’
622 385 861 460 ἀγύρτης
887 387 1166 459 πτωχικὴν
1194 395 1335 460 ἔχων
1357 390 1557 463 στολὴν

403 478 629 544 εἰσῆλθε
653 472 925 544 πύργους,
957 472 1131 529 πολλὰ
1159 470 1212 529 δ’
1238 471 1504 547 Ἀργείοις
1527 475 1667 533 κακὰ

399 556 568 630 ἠρᾶτο
582 601 596 628 ,
623 559 902 629 πεμφθεὶς
914 558 1083 615 ”Ἰλιον
1111 559 1454 625 κατάσκοπος
1468 578 1478 588 ·

400 641 620 699 κτανών
644 642 705 699 δὲ
731 642 1015 715 φρουροὺς
1039 645 1132 699 καὶ
1157 644 1502 714 παραστάτας
1528 652 1721 702 πυλῶν

397 731 655 800 ἐξῆλθεν·
685 725 771 785 ἀεὶ
799 725 850 783 δ’
881 731 940 784 ἐν
964 729 1146 800 λόχοις
1172 726 1485 801 εὑρίσκεται

397 820 723 885 Θυμβραῖον
748 810 888 885 ἀμφὶ
913 813 1102 885 βωμὸν
1128 811 1320 880 ἄστεος
1356 817 1521 880 πέλας

395 898 648 954 θάσσων·
677 904 827 973 κακῷ
854 898 914 954 δὲ
936 901 1188 978 μερΔιΕΞρ-ρ)
1215 906 1535 971 παλαίομεν.
1570 894 1609 942 4

398 981 584 1049 οὐδεὶς
608 981 749 1055 ἀνὴρ
777 980 1015 1055 εὔψυχος
1044 982 1188 1050 ἀξιοῖ
1208 984 1392 1058 λάθρα

396 1082 605 1125 κτεῖναι
630 1067 727 1124 τὸν
753 1068 985 1139 ἐχθρόν,
1013 1066 1134 1124 ἀλλ’
1166 1068 1267 1124 ι’ων
1292 1069 1430 1124 κατὰ
1454 1070 1641 1141 στόμα.

395 1160 594 1210 τοῦτον
620 1151 672 1209 δ’
707 1150 771 1208 δν
797 1157 929 1220 ἵζειν
963 1153 1071 1224 φὴς
1106 1152 1176 1209 σὺ
1207 1153 1485 1219 κλωπικὰς
1510 1157 1672 1227 ἕδρας

397 1241 489 1294 καὶ
513 1244 892 1310 μηχανᾶσθαι,
924 1245 1098 1306 ζῶντα
1122 1237 1417 1311 συλλαβῶν
1441 1238 1546 1311 ἐγὼ

395 1329 588 1379 πυλῶν
614 1321 698 1380 ἐπ’
733 1323 1002 1391 ἐξόδοισιν
1026 1321 1294 1396 ἀμπείρας
1319 1324 1476 1396 ῥάχιν

398 1409 577 1481 στήσω
606 1422 875 1474 πετεινοῖς
900 1410 1035 1481 γυψὶ
1063 1409 1441 1482 θοινατήριον.

399 1493 604 1567 λῃστὴν
633 1492 736 1566 γὰρ
768 1491 901 1552 ὅντα
928 1496 1020 1550 καὶ
1042 1501 1196 1550 θεῶν
1222 1492 1497 1568 ἀνάκτορα

395 1585 649 1635 συλῶντα
677 1584 765 1636 δεῖ
786 1603 878 1635 νιν
901 1585 1041 1655 τῷδε
1066 1588 1369 1636 κατθανεῖν
1394 1580 1563 1655 μόρῳ.

392 1671 500 1721 νῦν
523 1665 624 1737 μὲν
647 1671 1078 1737 καταυλίσθητε·
1110 1667 1202 1721 καὶ
1226 1664 1329 1737 γὰρ
1358 1662 1625 1737 εὐφρόνη.

397 1753 556 1817 δείξω
585 1747 636 1806 δ’
667 1751 774 1823 ε’γω’
801 1769 887 1806 σοι
910 1756 1120 1823 χῶρον,
1148 1756 1288 1806 ἔνθα
1313 1749 1413 1823 χρὴ
1439 1749 1675 1823 στρατὸν

399 1834 496 1891 τὸν
521 1834 622 1892 σὸν
647 1841 913 1907 νυχεῦσαι
936 1843 1033 1892 τοῦ
1058 1837 1393 1907 τεταγμένου
1420 1841 1560 1907 δίχα.

396 1920 653 1993 ξύνθημα
678 1919 730 1977 δ’
765 1919 896 2024 ημῖν
920 1928 1123 1993 Φοῖβος
1137 1965 1150 1992 ,
1180 1917 1252 1993 ἦν
1276 1944 1326 1976 τι
1351 1923 1444 1976 καὶ
1475 1922 1589 1995 δέῃ,

395 2028 457 2076 με
437 2003 625 2077 ε’μνησ’
657 2004 894 2072 ακούσας
922 2013 1105 2080 Θρῃκί
1128 2004 1176 2062 τ’
1205 2003 1463 2114 αγγειλον
1488 2024 1714 2081 στρατω.

395 2087 536 2162 ὑμᾶς
563 2090 624 2146 δε
650 2091 851 2162 βάντας
874 2091 976 2163 χρὴ
1001 2093 1257 2163 προταινι
1282 2091 1486 2157 τάξεων

395 2187 668 2247 φρουρεῖν
693 2177 872 2249 ἐγερτὶ
897 2177 990 2232 καὶ
1013 2182 1159 2232 νεῶν
1184 2176 1530 2232 κατάσκοπον

395 2261 592 2330 δέχθαι
620 2260 886 2316 Δόλωνα·
917 2262 1010 2316 καὶ
1033 2259 1138 2332 γὰρ
1165 2270 1316 2332 εἴπερ
1344 2261 1456 2315 ἐστὶ
1483 2266 1606 2331 σῶς,

394 2341 500 2416 ἤδη
525 2345 740 2414 πελάζει
771 2347 1184 2419 στρατοπέδοισι
1219 2353 1499 2417 Τρωικοῖς.

392 2435 538 2495 τίνος
567 2427 600 2485 ἁ
624 2431 873 2502 φυλακά;
900 2437 981 2496 τίς
1006 2428 1219 2503 ἀμείβει
1636 2447 1751 2502 στρ.

396 2513 497 2569 τὰν
522 2514 659 2583 ἐμὰν
685 2515 902 2583 πρώτα;

396 2598 587 2655 δύεται
612 2614 809 2672 σημεῖα
833 2602 924 2656 καὶ
953 2600 1250 2673 ἑπτάποροι

401 2684 661 2750 Πλειάδες
685 2688 931 2757 αἰθέριαι
947 2705 957 2715 ·

394 2770 531 2838 μέσα
556 2767 609 2825 δ’
641 2768 819 2834 αιέτός
844 2767 1090 2842 ούρανοῦ
1116 2777 1361 2827 ποτᾶται.

718 2869 975 2914 527—545
995 2886 1065 2908 -...-:
1085 2871 1169 2917 546
1185 2872 1345 2917 -564

1783 577 1867 619 505

1786 1000 1869 1043 510

1784 1426 1868 1468 515

1784 1850 1867 1893 520

1781 2274 1866 2317 525

1783 2699 1867 2744 530
