2018 3117
265 96 365 148 438
871 94 1249 140 ΦΟΙΝΙΣΣΑΙ

457 243 567 293 τῶν
590 231 638 289 τ’
671 237 906 288 Οἰδίπου
933 230 1201 301 δύστηνος
1226 227 1531 285 ἀπολαῦσαι
1554 235 1758 291 κακῶν.
1806 243 1913 286 1205

459 316 653 382 παιδὸς
675 321 988 389 στερηθείς,
1014 320 1079 387 τῇ
1103 315 1258 370 πόλει
1284 313 1384 385 μὲν
1410 310 1665 384 εὐτυχῶς,

463 410 575 477 ἰδία
599 402 659 457 δὲ
688 406 924 472 λυπρῶς.
957 397 1076 454 ἀλλ’
1106 396 1311 454 ἄνελθέ
1337 421 1428 469 μοι
1452 397 1634 456 πάλιν.

464 496 521 544 τί
540 485 669 543 τάπὶ
696 485 908 549 τούτοις
932 481 1084 540 παῖδ’
1113 481 1220 554 ε’μώ
1249 487 1583 554 δρασείετον.

274 580 432 632 ΑΓΓ.
459 580 520 629 ἔα
543 569 607 627 τὰ
632 569 818 626 λοιπά·
847 566 1003 641 δεῦρ’
1036 565 1119 623 ἀεὶ
1146 565 1249 641 γὰρ
1277 564 1538 638 εὐτυχεῖς.

273 667 371 717 ΙΟ.
459 654 607 713 τοῦτ’
639 661 713 719 εἰς
738 651 986 709 ὕποπτον
1011 652 1189 718 εἶπας·
1217 648 1319 707 οὐκ
1345 653 1547 707 ἐατέον.
1811 662 1919 704 1210

272 750 431 800 ΑΓΓ.
460 741 639 814 μεῖζόν
664 763 714 795 τι
742 738 951 811 χρῄζεις
976 742 1172 801 παῖδας
1196 733 1230 808 ἢ
1254 738 1660 807 σεσωσμένους;

273 836 309 884 I
311 835 371 883 Ο.
461 828 552 882 καὶ
574 823 869 881 τάπίλοιπά
890 820 942 893 γ’
973 827 1023 878 εί
1043 828 1220 887 καλῶς
1245 821 1467 893 πράσσω
1492 819 1700 875 κλύειν.

272 918 432 968 ΑΓΓ.
460 912 625 983 μέθες
649 906 734 980 μ’·
776 914 970 979 ἔρημος
995 919 1119 972 παῖς
1146 904 1491 961 ὑπασπιστοῦ
1516 906 1700 959 σέθεν.

273 1004 372 1053 ΙΟ.
463 995 633 1052 κακόν
656 1017 707 1049 τι
731 991 953 1057 κεύθεις
979 994 1070 1046 καὶ
1094 993 1298 1062 στέγεις
1323 987 1431 1045 ὑπὸ
1457 989 1649 1062 σκότῳ.

277 1087 432 1136 ΑΓΓ.
461 1078 563 1136 οὐκ
588 1076 656 1134 ἄν
679 1101 741 1148 γε
766 1073 969 1146 λέξαιμ’
1001 1073 1088 1130 ἐπ’
1119 1073 1384 1145 ἀγαθοῖσί
1405 1092 1491 1128 σοι
1515 1072 1670 1127 κακά.
1818 1084 1923 1126 1215

274 1172 372 1222 ΙΟ.
462 1163 530 1236 ἢν
553 1163 625 1235 μή
649 1184 711 1232 γε
735 1160 962 1233 φεύγων
987 1158 1230 1231 ἐκφύγῃς
1254 1155 1389 1230 πρὸς
1414 1159 1628 1227 αἰθέρα.

274 1256 433 1306 ΑΓΓ.
468 1255 605 1304 αιάῖ·
634 1252 691 1301 τί
708 1243 762 1316 μ’
797 1242 899 1300 οὐκ
926 1252 1108 1308 εἴασας
1133 1246 1184 1310 ἐξ
1211 1240 1511 1314 εὐαγγέλου

473 1332 653 1405 φήμης
679 1328 961 1399 ἀπελθεῖν,
989 1326 1124 1384 ἀλλὰ
1150 1334 1390 1399 μηνῦσαι
1417 1326 1588 1392 κακά;

465 1416 538 1473 τιὸ
565 1421 725 1472 παῖδε
749 1412 822 1469 τω
849 1412 926 1469 σω
957 1415 1240 1484 μέλλετον,
1269 1412 1580 1483 τολμήματα

467 1511 740 1572 αἴσχιστα,
767 1500 929 1569 χωρὶς
952 1510 1279 1569 μονομαχεῖν
1302 1494 1503 1561 παντὸς
1527 1499 1781 1565 στρατοῦ,
1818 1505 1926 1549 1220

466 1589 712 1653 λέξαντες
735 1581 1028 1655 Ἀργείοισι
1055 1587 1384 1653 Καδμείοισί
1405 1604 1461 1636 τε

474 1677 546 1736 εἰς
573 1667 763 1726 κοινὸν
790 1665 908 1723 οἷον
932 1665 1126 1738 μήποτ’
1164 1665 1382 1738 ὤφελον
1405 1665 1588 1736 λόγον.

462 1754 767 1824 Ἐτεοκλέης
794 1750 844 1807 δ’
875 1749 1069 1823 ὑπῆρξ’
1098 1749 1191 1807 ἀπ’
1220 1748 1421 1822 ὀρθίου
1447 1748 1668 1811 σταθεὶς

472 1831 722 1900 πύργου,
754 1829 1016 1892 κελεύσας
1038 1841 1162 1897 σῖγα
1189 1831 1417 1898 κηρῦξαι
1440 1830 1677 1897 στρατῷ·

469 1916 633 1977 [ἔλεξε
655 1909 708 1965 δ’
726 1934 736 1944 ·
784 1905 827 1964 ὦ
848 1916 945 1980 γῆς
961 1910 1216 1975 Ἑλλάδος
1241 1907 1623 1977 στρατηλάται]
1823 1920 1931 1962 1225

472 1997 716 2046 Δαναῶν
743 1989 994 2061 ἀριστῆς,
1035 1994 1190 2057 οἵπερ
1214 1987 1406 2060 ἤλθετ’
1431 1988 1665 2057 ἐνθάδε,

477 2074 710 2142 Κάδμου
733 2095 789 2127 τε
812 2074 969 2143 λαός,
1012 2072 1143 2143 μήτε
1160 2077 1538 2134 Πολυνείκους
1558 2067 1718 2138 χάριν

474 2155 650 2224 ψυχὰς
677 2153 1023 2224 ἀπεμπολᾶτε
1043 2153 1182 2224 μήθ’
1208 2152 1362 2223 ἡμῶν
1383 2151 1543 2221 ὕπερ.

479 2237 583 2305 ἐγώ
607 2236 711 2306 γὰρ
741 2235 906 2301 αὐτὸς
928 2237 1089 2290 τόνδε
1114 2241 1382 2291 κίνδυνον
1406 2236 1594 2304 μεθεὶς

468 2319 635 2388 μόνος
657 2318 888 2382 συνάψω
910 2319 1166 2389 συγγόνω
1191 2314 1352 2389 τώμῷ
1372 2316 1575 2385 μάχην·
1825 2324 1935 2368 1230

477 2395 581 2453 κᾶν
603 2397 703 2468 μὲν
721 2399 901 2453 κτάνω
924 2397 1100 2468 τόνδ’,
1141 2396 1295 2452 οἷκον
1323 2397 1526 2465 οἰκήσω
1548 2393 1741 2463 μόνος,

473 2479 791 2552 ἡσσώμενος
813 2484 870 2536 δὲ
896 2485 1034 2555 τῷδε
1059 2479 1366 2550 παραδώσω
1389 2477 1611 2543 [πόλιν].

476 2565 632 2635 ὑμεῖς
653 2564 703 2619 δ’
731 2563 905 2651 άγῶί
931 2564 1159 2635 ἀφέντες
1179 2562 1408 2632 Ἀργεῖοι
1428 2559 1608 2630 χθόνα

475 2652 734 2700 νίσσεσθε
747 2690 759 2716 ,
794 2653 983 2719 βίοτον
1005 2645 1077 2716 μὴ
1099 2645 1353 2708 λιπόντες
1374 2643 1597 2697 ἐνθάδε.

484 2833 699 2885 σπαρτῶν
731 2847 776 2874 τε
806 2830 916 2882 λαὸς
952 2826 1051 2881 ἅλις
1084 2826 1134 2880 ὃς
1162 2832 1308 2872 κεῖται
1338 2826 1517 2883 νεκρός.
1831 2825 1938 2866 1235
