2018 3117
231 84 332 133 220

203 2584 205 2586 =
237 2510 351 2560 Χο.

238 2762 373 2811 ΜΗ.

907 85 1198 130 ΜΗΔΕΙΑ

419 225 613 295 πέμψω
641 221 743 293 γὰρ
770 220 973 286 αὐτοὺς
1003 219 1139 293 δῶρ’
1171 228 1391 292 ἔχοντας
1415 225 1475 278 ἐν
1497 236 1702 295 χεροῖν,

422 307 632 378 [νύμφη
658 308 955 377 φέροντας,
984 306 1150 378 τήνδε
1173 305 1245 377 μὴ
1276 307 1511 378 φεύγειν
1534 303 1754 379 χθόνα,]
1803 320 1884 365 785

419 390 621 448 λεπτόν
649 415 709 448 τε
744 393 953 447 πέπλον
975 393 1068 445 καὶ
1092 391 1300 446 πλόκον
1323 392 1697 479 χρυσήλατον·

424 473 633 546 κᾶνπερ
660 482 909 547 λαβοῦσα
932 475 1141 546 κόσμον
1165 473 1386 547 ἀμφιθῆ
1417 482 1556 570 χροΐ,

420 565 601 625 κακῶς
628 557 833 615 ὀλεῖται
857 566 961 625 πᾶς
986 558 1047 615 θ’
1078 557 1136 624 ὃς
1161 557 1229 615 α“ν
1252 566 1390 632 θίγῃ
1418 535 1610 631 κόρης·

418 649 656 700 τοιοῖσδε
680 651 852 716 χρίσω
883 645 1190 717 φαρμάκοις
1217 644 1527 715 δωρήματα.

421 733 668 784 ἐνταῦθα
685 735 788 801 μὲν
810 731 873 784 δ
845 754 876 801 η
899 727 1052 786 τόνδ’
1082 727 1258 784 απαλλ
1264 748 1411 784 ασσω
1437 729 1605 801 λόγον
1620 748 1630 758 ·

421 811 616 887 ῶμωξα
641 811 693 869 δ’
722 811 841 870 οἷον
868 820 1030 886 ἔργον
1057 812 1166 869 ε”στ
1197 816 1490 885 ἐργαστέον

420 870 815 954 τούντεῦθεν
787 912 944 970 ημῖν·
973 901 1136 954 τέκνα
1160 898 1263 969 γὰρ
1292 905 1605 954 κατακτενῶ

420 980 548 1071 τᾶμ’
569 980 761 1048 ὀύτις
787 990 935 1039 ἔστιν
961 981 1108 1047 ὅστις
1134 984 1501 1055 ἐξαιρήσεται·

429 1041 601 1137 δόμον
625 1050 685 1122 τέ
708 1090 884 1123 παντα
909 1048 1166 1138 συγχέασ’
1189 1066 1424 1132 Ἰασονος

421 1154 588 1222 εξειμι
613 1157 799 1223 γαίας,
828 1152 1107 1222 φιλτατων
1131 1157 1348 1207 παιδων
1373 1152 1552 1223 φόνον

421 1236 708 1306 φεύγουσα
732 1237 824 1291 καὶ
847 1233 1003 1291 τλᾶσ’
1031 1242 1196 1308 ἔργον
1222 1234 1612 1292 ἀνοσιώτατον.

421 1317 488 1375 οὐ
515 1319 618 1391 γὰρ
642 1327 913 1391 γελᾶσθαι
936 1321 1134 1392 τλητὸν
1159 1324 1210 1388 ἐξ
1237 1324 1482 1392 ἐχθρῶν,
1512 1327 1685 1392 φίλαι.

421 1413 515 1506 {cco
532 1423 542 1433 ·
568 1411 627 1460 τί
643 1428 733 1476 μοι
759 1412 854 1477 ζῆν
878 1409 1101 1475 κέρδος;
1137 1404 1265 1461 οὔτε
1288 1430 1380 1477 μοι
1405 1408 1597 1477 πατρὶς

422 1486 540 1545 οὔτ’
570 1489 717 1554 οἶκος
743 1497 892 1546 ἔστιν
916 1487 1035 1547 οὔτ’
1065 1489 1387 1562 ἀποστροφὴ
1412 1497 1614 1546 κακῶν.

421 1571 742 1645 ἡμάρτανον
764 1573 948 1631 τόθ’
919 1573 1068 1647 ηνικ’
1101 1579 1461 1646 ἐξελίμπανον

422 1659 627 1730 δόμους
651 1660 970 1761 π’(ατρῶους,
998 1657 1201 1748 ανδρὸς
1227 1658 1490 1731 Ἐλληνος
1515 1659 1698 1730 λόγοις

422 1741 697 1799 πεισθεῖσ’
704 1742 806 1814 ,ὃς
830 1742 961 1845 ἡμῖν
986 1723 1098 1800 σὺν
1117 1751 1234 1819 θεῷ
1260 1751 1399 1800 τίσει
1425 1749 1604 1815 δικην.

423 1825 543 1883 οὐτ’
575 1832 626 1895 ἐξ
652 1832 786 1898 ἐμοῦ
813 1853 917 1900 γαρ
945 1834 1143 1894 παῖδας
1169 1828 1368 1895 ὄψεταί
1387 1852 1518 1885 ποτε

421 1918 623 1980 ζῶντας
646 1912 704 1969 τὸ
731 1912 926 1969 λοιπὸν
952 1912 1078 1970 οὔτε
1103 1920 1196 1986 τῆς
1218 1914 1483 1986 νεοζύγου

420 1997 642 2068 νύμφης
666 1998 926 2054 τεκνώσει
951 1996 1126 2068 παῖδ’,
1153 2002 1271 2055 ἐπεὶ
1294 1998 1470 2070 κακὴν
1494 2004 1674 2062 κακῶς

422 2090 622 2136 θανεῖν
646 2080 743 2150 σφ’
774 2081 986 2154 ἀνάγκη
1012 2097 1122 2148 τοῖς
1148 2086 1322 2155 ἐμοῖσι
1350 2083 1674 2154 φαρμάκοις.

421 2171 612 2237 μηδείς
635 2189 701 2237 με
726 2167 949 2238 φαύλην
973 2166 1220 2238 κάσθενῆ
1245 2171 1504 2239 νομιζέτω

421 2255 530 2321 μηδ
537 2248 549 2268 ’
578 2248 876 2321 ἡσυχαίαν,
904 2250 1040 2307 ἀλλὰ
1063 2254 1307 2323 θατέρου
1331 2252 1556 2323 τρόπου,

424 2341 655 2406 βαρεῖαν
681 2339 898 2408 ἐχθροῖς
915 2329 1017 2391 ’καὶ
1043 2342 1291 2406 φίλοισιν
1318 2335 1546 2408 εὐμενῆ·

422 2426 533 2474 τῶν
557 2419 662 2491 γὰρ
690 2420 959 2476 τοιούτων
984 2417 1368 2486 εὐκλεέστατος
1393 2427 1528 2492 βίος.

426 2507 649 2576 ἐπείπερ
675 2502 807 2576 ἡμῖν
829 2504 981 2561 τόνδ’
1012 2509 1310 2570 ἐκοίνωσας
1335 2506 1519 2577 λόγον,

425 2589 490 2643 σέ
509 2586 556 2643 τ’
588 2586 827 2659 ὠφελεῖν
850 2593 1096 2646 θέλουσα
1119 2614 1211 2645 και
1232 2590 1422 2660 νόμοις
1445 2595 1663 2662 βροτῶν

424 2673 883 2751 ξυλλαμβανουσα
907 2680 1047 2745 δρᾶν
1070 2672 1121 2729 σ’
1151 2672 1439 2746 ἀπερνέπω
1464 2675 1610 2730 τάδε.

421 2753 523 2811 οὐκ
517 2725 923 2824 ἔστιῖἶιῑῖαῖς·
951 2762 1039 2815 σοὶ
1064 2759 1125 2815 δε
1148 2741 1447 2858 σιῆιγνῶμη
1471 2761 1654 2830 λέγειν

423 2839 543 2896 τάδ’
573 2845 710 2912 ἐστί,
737 2841 810 2914 μὴ
837 2861 1154 2914 πασχουσαν
1179 2840 1251 2908 ῶς
1273 2842 1379 2916 ἐγω
1405 2850 1600 2906 κακῶς.

1805 744 1889 788 790

1804 1165 1888 1210 795

1800 1589 1888 1631 800

1804 2013 1888 2054 805

1802 2436 1887 2478 810

1805 2857 1886 2898 815
