<?xml version="1.0" encoding="UTF-8"?>
<!DOCTYPE html PUBLIC "-//W3C//DTD XHTML 1.0 Transitional//EN"
    "http://www.w3.org/TR/xhtml1/DTD/xhtml1-transitional.dtd">
<html xmlns="http://www.w3.org/1999/xhtml" xml:lang="en" lang="en">
 <head>
  <title>
</title>
<meta http-equiv="Content-Type" content="text/html;charset=utf-8" />
  <meta name='ocr-system' content='tesseract 3.04.00' />
  <meta name='ocr-capabilities' content='ocr_page ocr_carea ocr_par ocr_line ocrx_word'/>
</head>
<body>
  <div class='ocr_page' id='page_1' title='image "./euripidistragoe02euriuoft_0112.png"; bbox 0 0 2018 3117; ppageno 0'>
   <div class='ocr_carea' id='block_1_1' title="bbox 844 638 1364 694">
    <p class='ocr_par' dir='ltr' id='par_1_1' title="bbox 844 638 1364 694">
     <span class='ocr_line' id='line_1_1' title="bbox 844 638 1364 694; baseline 0 -1"><span class='ocrx_word' id='word_1_1' title='bbox 844 638 896 693; x_wconf 86' lang='lat' dir='ltr'><strong><em>E</em></strong></span> <span class='ocrx_word' id='word_1_2' title='bbox 914 638 1364 694; x_wconf 80' lang='lat' dir='ltr'><em>YPIHIAOY</em></span> 
     </span>
    </p>
   </div>
   <div class='ocr_carea' id='block_1_2' title="bbox 421 807 1796 881">
    <p class='ocr_par' dir='ltr' id='par_1_2' title="bbox 421 807 1796 881">
     <span class='ocr_line' id='line_1_2' title="bbox 421 807 1796 881; baseline 0.004 -6"><span class='ocrx_word' id='word_1_3' title='bbox 421 808 957 876; x_wconf 82' lang='grc' dir='ltr'><em>ΙΦΙΓΕΝΕΙΑ</em></span> <span class='ocrx_word' id='word_1_4' title='bbox 1005 809 1085 873; x_wconf 89' lang='grc' dir='ltr'>Η</span> <span class='ocrx_word' id='word_1_5' title='bbox 1130 807 1273 873; x_wconf 91' lang='grc' dir='ltr'><em>ΕΝ</em></span> <span class='ocrx_word' id='word_1_6' title='bbox 1324 808 1796 881; x_wconf 72' lang='grc' dir='ltr'><em>ΤΑῩΡΟΙΣ..</em></span> 
     </span>
    </p>
   </div>
   <div class='ocr_carea' id='block_1_3' title="bbox 280 1118 2018 2980">
    <p class='ocr_par' dir='ltr' id='par_1_3' title="bbox 280 1118 1937 2385">
     <span class='ocr_line' id='line_1_3' title="bbox 280 1118 1589 1193; baseline -0.001 -15"><span class='ocrx_word' id='word_1_7' title='bbox 280 1128 371 1178; x_wconf 81' lang='grc' dir='ltr'><em>ῙΦ.</em></span> <span class='ocrx_word' id='word_1_8' title='bbox 461 1122 653 1187; x_wconf 81' lang='grc' dir='ltr'><em>Πέλοψ</em></span> <span class='ocrx_word' id='word_1_9' title='bbox 678 1118 705 1177; x_wconf 86' lang='grc' dir='ltr'>ὁ</span> <span class='ocrx_word' id='word_1_10' title='bbox 743 1122 1069 1190; x_wconf 78' lang='grc' dir='ltr'><em>Ταντάλειος</em></span> <span class='ocrx_word' id='word_1_11' title='bbox 1096 1128 1171 1189; x_wconf 80' lang='grc' dir='ltr'><em>εἰς</em></span> <span class='ocrx_word' id='word_1_12' title='bbox 1195 1130 1378 1178; x_wconf 91' lang='grc' dir='ltr'><em>Πῖσαν</em></span> <span class='ocrx_word' id='word_1_13' title='bbox 1403 1121 1589 1193; x_wconf 79' lang='grc' dir='ltr'><em>μολων</em></span> 
     </span>
     <span class='ocr_line' id='line_1_4' title="bbox 465 1206 1619 1279; baseline 0.001 -17"><span class='ocrx_word' id='word_1_14' title='bbox 465 1215 690 1262; x_wconf 80' lang='grc' dir='ltr'><em>θοαῖσιν</em></span> <span class='ocrx_word' id='word_1_15' title='bbox 718 1211 903 1272; x_wconf 85' lang='grc' dir='ltr'><em>ἵπποις</em></span> <span class='ocrx_word' id='word_1_16' title='bbox 932 1208 1215 1279; x_wconf 76' lang='grc' dir='ltr'><em>Οἰνομάου</em></span> <span class='ocrx_word' id='word_1_17' title='bbox 1242 1221 1407 1279; x_wconf 90' lang='grc' dir='ltr'><em>γαμεῖ</em></span> <span class='ocrx_word' id='word_1_18' title='bbox 1427 1206 1619 1279; x_wconf 93' lang='grc' dir='ltr'><em>κόρην,</em></span> 
     </span>
     <span class='ocr_line' id='line_1_5' title="bbox 465 1284 1675 1364; baseline 0.001 -17"><span class='ocrx_word' id='word_1_19' title='bbox 465 1295 517 1358; x_wconf 71' lang='grc' dir='ltr'><em>ἐξ</em></span> <span class='ocrx_word' id='word_1_20' title='bbox 546 1284 605 1362; x_wconf 82' lang='grc' dir='ltr'><em>ἧς</em></span> <span class='ocrx_word' id='word_1_21' title='bbox 634 1289 856 1364; x_wconf 72' lang='grc' dir='ltr'><em>Ἀτρεῦς</em></span> <span class='ocrx_word' id='word_1_22' title='bbox 884 1299 1172 1364; x_wconf 76' lang='grc' dir='ltr'><em>ἔβλαστεν·</em></span> <span class='ocrx_word' id='word_1_23' title='bbox 1207 1290 1436 1363; x_wconf 78' lang='grc' dir='ltr'><em>Ἀτρέως</em></span> <span class='ocrx_word' id='word_1_24' title='bbox 1462 1292 1523 1348; x_wconf 74' lang='grc' dir='ltr'><em>δὲ</em></span> <span class='ocrx_word' id='word_1_25' title='bbox 1549 1305 1675 1358; x_wconf 88' lang='grc' dir='ltr'><em>παῖς</em></span> 
     </span>
     <span class='ocr_line' id='line_1_6' title="bbox 464 1375 1771 1450; baseline 0.002 -18"><span class='ocrx_word' id='word_1_26' title='bbox 464 1379 751 1443; x_wconf 54' lang='grc' dir='ltr'><em>[Μενέλαος</em></span> <span class='ocrx_word' id='word_1_27' title='bbox 778 1375 1134 1449; x_wconf 75' lang='grc' dir='ltr'><em>Ἀγαμέμνων</em></span> <span class='ocrx_word' id='word_1_28' title='bbox 1158 1397 1240 1434; x_wconf 87' lang='grc' dir='ltr'><em>τε·</em></span> <span class='ocrx_word' id='word_1_29' title='bbox 1267 1383 1365 1433; x_wconf 85' lang='grc' dir='ltr'><em>τοῦ</em></span> <span class='ocrx_word' id='word_1_30' title='bbox 1391 1375 1443 1433; x_wconf 83' lang='grc' dir='ltr'><em>δ’</em></span> <span class='ocrx_word' id='word_1_31' title='bbox 1475 1382 1619 1449; x_wconf 82' lang='grc' dir='ltr'><em>ἔφυν</em></span> <span class='ocrx_word' id='word_1_32' title='bbox 1646 1378 1771 1450; x_wconf 76' lang='grc' dir='ltr'><em>ἐγώ,</em></span> 
     </span>
     <span class='ocr_line' id='line_1_7' title="bbox 465 1460 1934 1534; baseline 0.003 -17"><span class='ocrx_word' id='word_1_33' title='bbox 465 1468 559 1533; x_wconf 85' lang='grc' dir='ltr'><em>τῆς</em></span> <span class='ocrx_word' id='word_1_34' title='bbox 592 1467 934 1533; x_wconf 74' lang='grc' dir='ltr'><em>Τυνδαρείας</em></span> <span class='ocrx_word' id='word_1_35' title='bbox 959 1462 1243 1534; x_wconf 80' lang='grc' dir='ltr'><em>θυγατρὸς</em></span> <span class='ocrx_word' id='word_1_36' title='bbox 1273 1460 1566 1534; x_wconf 85' lang='grc' dir='ltr'><em>Ἰφιγένεια</em></span> <span class='ocrx_word' id='word_1_37' title='bbox 1592 1476 1735 1532; x_wconf 87' lang='grc' dir='ltr'><em>παῖς,</em></span> <span class='ocrx_word' id='word_1_38' title='bbox 1910 1480 1934 1522; x_wconf 79' lang='lat'>5</span> 
     </span>
     <span class='ocr_line' id='line_1_8' title="bbox 464 1543 1685 1619; baseline 0.002 -17"><span class='ocrx_word' id='word_1_39' title='bbox 464 1543 535 1618; x_wconf 82' lang='grc' dir='ltr'><em>ἢν</em></span> <span class='ocrx_word' id='word_1_40' title='bbox 561 1545 701 1618; x_wconf 80' lang='grc' dir='ltr'><em>ἀμφὶ</em></span> <span class='ocrx_word' id='word_1_41' title='bbox 726 1552 905 1612; x_wconf 81' lang='grc' dir='ltr'><em>δίναις</em></span> <span class='ocrx_word' id='word_1_42' title='bbox 932 1545 993 1613; x_wconf 71' lang='grc' dir='ltr'><em>ἃς</em></span> <span class='ocrx_word' id='word_1_43' title='bbox 1018 1546 1154 1619; x_wconf 83' lang='grc' dir='ltr'><em>θάμ’</em></span> <span class='ocrx_word' id='word_1_44' title='bbox 1176 1545 1424 1619; x_wconf 76' lang='grc' dir='ltr'><em>Εὔριπος</em></span> <span class='ocrx_word' id='word_1_45' title='bbox 1448 1561 1685 1613; x_wconf 81' lang='grc' dir='ltr'><em>πυκναῖς</em></span> 
     </span>
     <span class='ocr_line' id='line_1_9' title="bbox 465 1629 1583 1705; baseline 0.001 -18"><span class='ocrx_word' id='word_1_46' title='bbox 465 1629 662 1704; x_wconf 72' lang='grc' dir='ltr'><em>αὔραις</em></span> <span class='ocrx_word' id='word_1_47' title='bbox 687 1635 922 1689; x_wconf 80' lang='grc' dir='ltr'><em>ἑλίσσων</em></span> <span class='ocrx_word' id='word_1_48' title='bbox 945 1636 1189 1689; x_wconf 86' lang='grc' dir='ltr'><em>κυανέαν</em></span> <span class='ocrx_word' id='word_1_49' title='bbox 1215 1630 1318 1689; x_wconf 72' lang='grc' dir='ltr'><em>ἅλα</em></span> <span class='ocrx_word' id='word_1_50' title='bbox 1342 1634 1583 1705; x_wconf 75' lang='grc' dir='ltr'><em>στρέφει,</em></span> 
     </span>
     <span class='ocr_line' id='line_1_10' title="bbox 466 1715 1696 1790; baseline 0.002 -19"><span class='ocrx_word' id='word_1_51' title='bbox 466 1720 702 1788; x_wconf 80' lang='grc' dir='ltr'><em>ἔσφαξεν</em></span> <span class='ocrx_word' id='word_1_52' title='bbox 731 1715 947 1789; x_wconf 81' lang='grc' dir='ltr'><em>Ἑλένης</em></span> <span class='ocrx_word' id='word_1_53' title='bbox 979 1719 1166 1789; x_wconf 81' lang='grc' dir='ltr'><em>εἵνεχ’,</em></span> <span class='ocrx_word' id='word_1_54' title='bbox 1208 1715 1281 1783; x_wconf 75' lang='grc' dir='ltr'><em>ὡς</em></span> <span class='ocrx_word' id='word_1_55' title='bbox 1309 1722 1490 1788; x_wconf 89' lang='grc' dir='ltr'><em>δοκεῖ,</em></span> <span class='ocrx_word' id='word_1_56' title='bbox 1517 1717 1696 1790; x_wconf 82' lang='grc' dir='ltr'><em>πατὴρ</em></span> 
     </span>
     <span class='ocr_line' id='line_1_11' title="bbox 458 1799 1683 1874; baseline 0.002 -17"><span class='ocrx_word' id='word_1_57' title='bbox 458 1799 731 1873; x_wconf 78' lang='grc' dir='ltr'><em>Ἀρτέμιδι</em></span> <span class='ocrx_word' id='word_1_58' title='bbox 755 1810 996 1868; x_wconf 77' lang='grc' dir='ltr'><em>κλειναῖς</em></span> <span class='ocrx_word' id='word_1_59' title='bbox 1021 1806 1080 1858; x_wconf 82' lang='grc' dir='ltr'><em>ἐν</em></span> <span class='ocrx_word' id='word_1_60' title='bbox 1104 1815 1396 1874; x_wconf 85' lang='grc' dir='ltr'><em>πτυχαῖσιν</em></span> <span class='ocrx_word' id='word_1_61' title='bbox 1420 1800 1683 1868; x_wconf 79' lang='grc' dir='ltr'><em>Αὐλίδος.</em></span> 
     </span>
     <span class='ocr_line' id='line_1_12' title="bbox 467 1887 1937 1959; baseline 0.003 -17"><span class='ocrx_word' id='word_1_62' title='bbox 467 1890 713 1944; x_wconf 84' lang='grc' dir='ltr'><em>ἐνταῦθα</em></span> <span class='ocrx_word' id='word_1_63' title='bbox 739 1887 841 1959; x_wconf 82' lang='grc' dir='ltr'><em>γὰρ</em></span> <span class='ocrx_word' id='word_1_64' title='bbox 869 1887 935 1959; x_wconf 86' lang='grc' dir='ltr'><em>δὴ</em></span> <span class='ocrx_word' id='word_1_65' title='bbox 960 1895 1151 1958; x_wconf 90' lang='grc' dir='ltr'><em>χιλίων</em></span> <span class='ocrx_word' id='word_1_66' title='bbox 1175 1894 1328 1944; x_wconf 77' lang='grc' dir='ltr'><em>ναῶν</em></span> <span class='ocrx_word' id='word_1_67' title='bbox 1355 1888 1552 1944; x_wconf 86' lang='grc' dir='ltr'><em>στόλον</em></span> <span class='ocrx_word' id='word_1_68' title='bbox 1882 1904 1937 1946; x_wconf 92' lang='grc'><em>10</em></span> 
     </span>
     <span class='ocr_line' id='line_1_13' title="bbox 456 1970 1645 2045; baseline 0.001 -17"><span class='ocrx_word' id='word_1_69' title='bbox 456 1970 780 2044; x_wconf 82' lang='grc' dir='ltr'><em>Ἑλληνικὸν</em></span> <span class='ocrx_word' id='word_1_70' title='bbox 804 1971 1077 2045; x_wconf 83' lang='grc' dir='ltr'><em>συνήγαγ’</em></span> <span class='ocrx_word' id='word_1_71' title='bbox 1109 1971 1465 2045; x_wconf 82' lang='grc' dir='ltr'><em>Ἀγαμέμνων</em></span> <span class='ocrx_word' id='word_1_72' title='bbox 1493 1971 1645 2044; x_wconf 72' lang='grc' dir='ltr'><em>ἅναξ,</em></span> 
     </span>
     <span class='ocr_line' id='line_1_14' title="bbox 466 2056 1603 2130; baseline 0 -17"><span class='ocrx_word' id='word_1_73' title='bbox 466 2056 562 2113; x_wconf 79' lang='grc' dir='ltr'><em>τὸν</em></span> <span class='ocrx_word' id='word_1_74' title='bbox 587 2065 911 2114; x_wconf 87' lang='grc' dir='ltr'><em>καλλίνικον</em></span> <span class='ocrx_word' id='word_1_75' title='bbox 933 2061 1209 2130; x_wconf 88' lang='grc' dir='ltr'><em>στέφανον</em></span> <span class='ocrx_word' id='word_1_76' title='bbox 1228 2057 1391 2115; x_wconf 86' lang='grc' dir='ltr'><em>Ἰλίου</em></span> <span class='ocrx_word' id='word_1_77' title='bbox 1417 2060 1603 2114; x_wconf 89' lang='grc' dir='ltr'><em>θέλων</em></span> 
     </span>
     <span class='ocr_line' id='line_1_15' title="bbox 466 2141 1839 2216; baseline 0.001 -18"><span class='ocrx_word' id='word_1_78' title='bbox 466 2150 657 2215; x_wconf 86' lang='grc' dir='ltr'><em>λαβεῖν</em></span> <span class='ocrx_word' id='word_1_79' title='bbox 685 2141 962 2214; x_wconf 78' lang='grc' dir='ltr'><em>Ἀχαιούς,</em></span> <span class='ocrx_word' id='word_1_80' title='bbox 989 2143 1116 2209; x_wconf 82' lang='grc' dir='ltr'><em>τούς</em></span> <span class='ocrx_word' id='word_1_81' title='bbox 1143 2141 1207 2199; x_wconf 80' lang='grc' dir='ltr'><em>θ’</em></span> <span class='ocrx_word' id='word_1_82' title='bbox 1235 2141 1607 2216; x_wconf 79' lang='grc' dir='ltr'><em>ὑβρισθέντας</em></span> <span class='ocrx_word' id='word_1_83' title='bbox 1630 2142 1839 2214; x_wconf 81' lang='grc' dir='ltr'><em>γάμους</em></span> 
     </span>
     <span class='ocr_line' id='line_1_16' title="bbox 456 2225 1720 2301; baseline -0.002 -17"><span class='ocrx_word' id='word_1_84' title='bbox 456 2225 673 2300; x_wconf 82' lang='grc' dir='ltr'><em>Ἑλένης</em></span> <span class='ocrx_word' id='word_1_85' title='bbox 696 2235 1013 2300; x_wconf 82' lang='grc' dir='ltr'><em>μετελθεῖν,</em></span> <span class='ocrx_word' id='word_1_86' title='bbox 1038 2231 1304 2286; x_wconf 59' lang='grc' dir='ltr'><em>,Μενέλεω</em></span> <span class='ocrx_word' id='word_1_87' title='bbox 1328 2228 1491 2301; x_wconf 87' lang='grc' dir='ltr'><em>χάριν</em></span> <span class='ocrx_word' id='word_1_88' title='bbox 1516 2229 1720 2299; x_wconf 89' lang='grc' dir='ltr'><em>φέρων.</em></span> 
     </span>
     <span class='ocr_line' id='line_1_17' title="bbox 467 2311 1935 2386; baseline 0.002 -19"><span class='ocrx_word' id='word_1_89' title='bbox 467 2318 526 2368; x_wconf 88' lang='grc' dir='ltr'><em>δε</em></span> <span class='ocrx_word' id='word_1_90' title='bbox 504 2320 649 2385; x_wconf 66' lang='grc' dir='ltr'><em>εινῆς</em></span> <span class='ocrx_word' id='word_1_91' title='bbox 675 2311 721 2369; x_wconf 84' lang='grc' dir='ltr'><em>τ’</em></span> <span class='ocrx_word' id='word_1_92' title='bbox 750 2311 980 2379; x_wconf 75' lang='grc' dir='ltr'><em>ἀπλοίας</em></span> <span class='ocrx_word' id='word_1_93' title='bbox 1004 2316 1336 2386; x_wconf 85' lang='grc' dir='ltr'><em>πνευμάτων</em></span> <span class='ocrx_word' id='word_1_94' title='bbox 1359 2311 1407 2369; x_wconf 86' lang='grc' dir='ltr'><em>τ’</em></span> <span class='ocrx_word' id='word_1_95' title='bbox 1437 2337 1505 2369; x_wconf 93' lang='grc' dir='ltr'><em>ου</em></span> <span class='ocrx_word' id='word_1_96' title='bbox 1531 2312 1840 2385; x_wconf 83' lang='grc' dir='ltr'><em>τυγχάνων,</em></span> <span class='ocrx_word' id='word_1_97' title='bbox 1882 2327 1935 2370; x_wconf 83' lang='grc'><em>15</em></span> 
     </span>
    </p>

    <p class='ocr_par' dir='ltr' id='par_1_4' title="bbox 467 2391 2018 2482">
     <span class='ocr_line' id='line_1_18' title="bbox 467 2391 2018 2482; baseline 0 -29"><span class='ocrx_word' id='word_1_98' title='bbox 467 2403 540 2463; x_wconf 81' lang='grc' dir='ltr'><em>εἰς</em></span> <span class='ocrx_word' id='word_1_99' title='bbox 567 2397 768 2469; x_wconf 84' lang='grc' dir='ltr'><em>ἔμπυρ’</em></span> <span class='ocrx_word' id='word_1_100' title='bbox 797 2391 965 2470; x_wconf 81' lang='grc' dir='ltr'><em>ἦλθε,</em></span> <span class='ocrx_word' id='word_1_101' title='bbox 992 2423 1084 2454; x_wconf 89' lang='grc' dir='ltr'><em>και</em></span> <span class='ocrx_word' id='word_1_102' title='bbox 1108 2401 1255 2471; x_wconf 86' lang='grc' dir='ltr'><em>λέγει</em></span> <span class='ocrx_word' id='word_1_103' title='bbox 1279 2399 1499 2470; x_wconf 88' lang='grc' dir='ltr'><em>Κάλχας</em></span> <span class='ocrx_word' id='word_1_104' title='bbox 1522 2397 1677 2454; x_wconf 82' lang='grc' dir='ltr'><em>τάδε</em></span> <span class='ocrx_word' id='word_1_105' title='bbox 2016 2410 2018 2482; x_wconf 52' lang='lat' dir='ltr'>J</span> 
     </span>
    </p>

    <p class='ocr_par' dir='ltr' id='par_1_5' title="bbox 463 2481 1934 2980">
     <span class='ocr_line' id='line_1_19' title="bbox 467 2481 1622 2555; baseline 0.002 -19"><span class='ocrx_word' id='word_1_106' title='bbox 467 2483 506 2537; x_wconf 76' lang='grc' dir='ltr'><strong><em>ὦ</em></strong></span> <span class='ocrx_word' id='word_1_107' title='bbox 534 2481 689 2553; x_wconf 82' lang='grc' dir='ltr'><em>τῆσδ’</em></span> <span class='ocrx_word' id='word_1_108' title='bbox 719 2481 977 2539; x_wconf 74' lang='grc' dir='ltr'><em>ἀνάσσων</em></span> <span class='ocrx_word' id='word_1_109' title='bbox 996 2482 1115 2539; x_wconf 71' lang='grc' dir='ltr'><em>Ελ)</em></span> <span class='ocrx_word' id='word_1_110' title='bbox 1122 2484 1252 2549; x_wconf 87' lang='grc' dir='ltr'><em>άδος</em></span> <span class='ocrx_word' id='word_1_111' title='bbox 1276 2489 1622 2555; x_wconf 88' lang='grc' dir='ltr'><em>στρατηγίας,</em></span> 
     </span>
     <span class='ocr_line' id='line_1_20' title="bbox 460 2564 1748 2642; baseline 0.001 -20.003"><span class='ocrx_word' id='word_1_112' title='bbox 460 2564 828 2639; x_wconf 82' lang='grc' dir='ltr'><em>Ἀγάμεμνον,</em></span> <span class='ocrx_word' id='word_1_113' title='bbox 856 2592 922 2624; x_wconf 91' lang='grc' dir='ltr'><em>ου</em></span> <span class='ocrx_word' id='word_1_114' title='bbox 948 2568 1020 2640; x_wconf 88' lang='grc' dir='ltr'><em>μὴ</em></span> <span class='ocrx_word' id='word_1_115' title='bbox 1044 2576 1182 2635; x_wconf 82' lang='grc' dir='ltr'><em>ναῦς</em></span> <span class='ocrx_word' id='word_1_116' title='bbox 1207 2566 1501 2642; x_wconf 79' lang='grc' dir='ltr'><em>άφορμήσῃ</em></span> <span class='ocrx_word' id='word_1_117' title='bbox 1525 2567 1748 2639; x_wconf 88' lang='grc' dir='ltr'><em>χθονός,</em></span> 
     </span>
     <span class='ocr_line' id='line_1_21' title="bbox 465 2649 1652 2726; baseline 0.001 -20"><span class='ocrx_word' id='word_1_118' title='bbox 465 2653 598 2722; x_wconf 86' lang='grc' dir='ltr'><em>πρὶν</em></span> <span class='ocrx_word' id='word_1_119' title='bbox 624 2649 691 2708; x_wconf 84' lang='grc' dir='ltr'><em>α“ν</em></span> <span class='ocrx_word' id='word_1_120' title='bbox 719 2653 894 2724; x_wconf 87' lang='grc' dir='ltr'><em>κόρην</em></span> <span class='ocrx_word' id='word_1_121' title='bbox 919 2653 1023 2725; x_wconf 86' lang='grc' dir='ltr'><em>σὴν</em></span> <span class='ocrx_word' id='word_1_122' title='bbox 1049 2652 1376 2726; x_wconf 85' lang='grc' dir='ltr'><em>Ἰφιγένειαν</em></span> <span class='ocrx_word' id='word_1_123' title='bbox 1395 2651 1652 2725; x_wconf 70' lang='grc' dir='ltr'><em>’Ἄρτεμις</em></span> 
     </span>
     <span class='ocr_line' id='line_1_22' title="bbox 467 2736 1934 2810; baseline 0.003 -19"><span class='ocrx_word' id='word_1_124' title='bbox 467 2736 606 2810; x_wconf 85' lang='grc' dir='ltr'><em>λάβη</em></span> <span class='ocrx_word' id='word_1_125' title='bbox 630 2751 966 2810; x_wconf 82' lang='grc' dir='ltr'><em>σφαγεῖσαν·</em></span> <span class='ocrx_word' id='word_1_126' title='bbox 995 2736 1026 2794; x_wconf 79' lang='grc' dir='ltr'>ὅ</span> <span class='ocrx_word' id='word_1_127' title='bbox 1051 2764 1102 2795; x_wconf 89' lang='grc' dir='ltr'><em>τι</em></span> <span class='ocrx_word' id='word_1_128' title='bbox 1135 2763 1239 2810; x_wconf 90' lang='grc' dir='ltr'><em>γαρ</em></span> <span class='ocrx_word' id='word_1_129' title='bbox 1266 2737 1517 2802; x_wconf 83' lang='grc' dir='ltr'><em>ἐνιαυτὸς</em></span> <span class='ocrx_word' id='word_1_130' title='bbox 1546 2741 1695 2794; x_wconf 88' lang='grc' dir='ltr'><em>τέκοι</em></span> <span class='ocrx_word' id='word_1_131' title='bbox 1878 2753 1934 2795; x_wconf 84' lang='lat'><em>20</em></span> 
     </span>
     <span class='ocr_line' id='line_1_23' title="bbox 464 2819 1642 2899; baseline 0.002 -23"><span class='ocrx_word' id='word_1_132' title='bbox 464 2820 783 2893; x_wconf 83' lang='grc' dir='ltr'><em>κάλλιστον,</em></span> <span class='ocrx_word' id='word_1_133' title='bbox 816 2819 954 2888; x_wconf 76' lang='grc' dir='ltr'><em>εῧξω</em></span> <span class='ocrx_word' id='word_1_134' title='bbox 983 2822 1266 2899; x_wconf 90' lang='grc' dir='ltr'><em>φωσφόρω</em></span> <span class='ocrx_word' id='word_1_135' title='bbox 1291 2822 1493 2879; x_wconf 81' lang='grc' dir='ltr'><em>θύσειν</em></span> <span class='ocrx_word' id='word_1_136' title='bbox 1517 2828 1642 2897; x_wconf 81' lang='grc' dir='ltr'><em>θεᾷ.</em></span> 
     </span>
     <span class='ocr_line' id='line_1_24' title="bbox 463 2881 1824 2980; baseline 0.001 -19"><span class='ocrx_word' id='word_1_137' title='bbox 463 2900 616 2962; x_wconf 82' lang='grc' dir='ltr'><em>παῖδ’</em></span> <span class='ocrx_word' id='word_1_138' title='bbox 650 2909 754 2963; x_wconf 82' lang='grc' dir='ltr'><em>οὐν</em></span> <span class='ocrx_word' id='word_1_139' title='bbox 779 2911 839 2963; x_wconf 85' lang='grc' dir='ltr'><em>ἐν</em></span> <span class='ocrx_word' id='word_1_140' title='bbox 864 2915 1037 2973; x_wconf 76' lang='grc' dir='ltr'><em>οἴκοις</em></span> <span class='ocrx_word' id='word_1_141' title='bbox 1058 2907 1126 2980; x_wconf 89' lang='grc' dir='ltr'><em>σὴ</em></span> <span class='ocrx_word' id='word_1_142' title='bbox 1155 2881 1618 2980; x_wconf 81' lang='grc' dir='ltr'><em>Κλυταιμνήστρά</em></span> <span class='ocrx_word' id='word_1_143' title='bbox 1643 2905 1824 2978; x_wconf 85' lang='grc' dir='ltr'><em>δάμαρ</em></span> 
     </span>
    </p>
   </div>
  </div>
 </body>
</html>
