2018 3117
107 630 218 683 XO.

785 69 1135 116 ΤΡΩΙΑΔΕΣ
1648 69 1746 122 377

291 214 405 272 πῶς
433 200 538 263 οὖν
563 204 639 262 ἔτ’
673 203 741 262 ἂν
764 205 1062 278 θνῄσκοιμ’
1091 203 1159 262 ἂν
1182 211 1438 279 ἐνδίκως,
1466 208 1610 277 πόσι,

292 291 426 363 πρὸς
454 298 555 346 σοῦ
583 297 835 361 δικαίως,
861 288 930 361 ἣν
959 287 987 346 ὃ
1013 292 1113 362 μὲν
1139 298 1235 365 βίᾳ
1256 305 1433 363 γαμεῖ..

294 374 359 430 τὰ
383 373 434 430 δ’
465 384 690 431 οἴκοθεν
714 372 855 430 κεῖν’
884 373 1006 430 ἀντὶ
1028 382 1362 447 νικητηρίων

289 466 498 530 πικρῶς
528 455 848 525 ἐδούλευσ’;
877 465 928 514 εί
953 460 1014 513 δὲ
1037 466 1148 515 τῶν
1175 466 1328 515 θεῶν
1350 473 1573 531 κρατεῖν

292 544 506 614 βούλει,
532 542 590 598 τὸ
616 543 830 615 χρῄζειν
855 539 1062 613 ἀμαθές
1089 547 1207 599 ἐστί
1225 562 1310 599 σοι
1333 545 1474 600 τόδε.
1670 559 1750 602 965

292 624 543 698 βασίλει’,
572 624 784 697 άμυνον
812 640 925 690 σοῖς
949 629 1186 684 τέκνοισι
1209 630 1301 683 και
1326 628 1504 702 πάτρα

294 710 472 766 πειθω
501 716 909 782 διαφθείρουσα
932 709 1108 781 τῆσδ’,
1135 713 1252 767 ἐπει
1279 714 1426 783 λέγει

291 801 468 859 καλως
495 801 801 867 κακοῦργος
825 796 988 849 οὐσα·
1025 793 1212 850 δεινὸν
1235 797 1339 850 οὑν
1361 795 1502 851 τόδε.

106 887 218 937 ΕΚ
285 893 400 944 τοῖς
424 889 610 935 θεοῖσι
635 884 823 950 πρῶτα
849 879 1123 949 σύμμαχος
1146 879 1443 960 γενήσομαι

289 965 382 1018 καὶ
405 963 570 1034 τήνδε
595 966 753 1030 δείξω
778 960 850 1033 μὴ
873 964 1144 1033 λέγουσαν
1176 966 1385 1017 ἔνδικα.
1667 978 1751 1023 970

292 1046 396 1118 ἐγώ
429 1045 531 1119 γὰρ
548 1044 725 1119 ’Ἠραν
747 1049 1032 1116 παρθένον
1061 1070 1119 1102 τε
1140 1048 1406 1103 Παλλάδα

294 1129 396 1186 οὐκ
424 1138 498 1195 εἰς
522 1137 784 1186 τοσοῦτον
808 1127 1048 1200 ἀμαθίας
1078 1135 1265 1187 ἐλθεῖν
1289 1136 1451 1202 δοκῶ,

293 1212 432 1270 ὥσθ’
460 1214 492 1286 ἢ
519 1215 620 1285 μὲν
637 1213 837 1287 ’Ἄργος
859 1215 1155 1285 βαρβάροις
1180 1213 1490 1286 ἀπημπόλα,

291 1298 512 1364 Παλλὰς
541 1296 592 1354 δ’
620 1296 857 1369 Αθήνας
881 1300 1056 1370 Φρυξι
1080 1299 1372 1354 δουλεύειν
1396 1302 1543 1355 ποτέ.

297 1390 354 1438 αἳ
377 1388 647 1438 παιδιαῖσι
676 1384 767 1437 καὶ
790 1387 947 1454 χλιδῇ
971 1389 1187 1483 μορφῆς
1212 1385 1337 1454 πέρι
1668 1399 1751 1443 975

290 1465 506 1537 ηλυθον
530 1464 615 1522 ἐπ
637 1464 806 1537 Ἴδην.
833 1473 931 1522 τοῦ
957 1491 1060 1539 γαρ
1107 1464 1274 1524 εἵνεκ’
1307 1463 1375 1522 ἂν
1397 1466 1504 1522 θεὰ

278 1548 419 1622 Ἡρα
443 1556 707 1606 τοσοῦτον
732 1549 848 1621 ἔ’σχ
880 1557 1054 1621 ἔρωτα
1080 1557 1374 1622 καλλονῆς;

293 1634 527 1706 πότερον
552 1632 796 1705 ἀμείνον’
826 1632 897 1700 ὡς
922 1634 1079 1705 λάβοι
1101 1634 1239 1700 Διὸς
1263 1635 1442 1705 πόσιν,

292 1715 326 1789 ἢ
349 1719 524 1789 γάμον
544 1716 749 1774 Ἀθάνα
773 1725 926 1774 θεῶν
949 1741 1094 1784 τινος
1119 1722 1434 1791 θηρωμένη,

289 1800 324 1873 ἢ
348 1810 689 1875 παρθενείαν
711 1802 912 1875 πατρὸς
937 1803 1224 1875 ἐξῃτήσατο
1667 1816 1753 1860 980

293 1886 578 1957 φεύγουσα
601 1889 796 1959 λέκτρα
811 1914 824 1954 ;
861 1886 934 1958 μὴ
961 1885 1193 1958 ἀμαθεῖς
1217 1894 1361 1943 ποίει
1386 1887 1521 1953 θεὰς

290 1969 350 2026 τὸ
380 1969 480 2026 σὸν
504 1968 676 2025 κακὸν
700 1977 1004 2041 κοσμοῦσα·
1041 1969 1114 2043 μὴ
1138 1968 1204 2027 οὐ
1228 1979 1419 2045 πείσῃς
1443 1971 1667 2044 σοφούς.

290 2054 513 2126 Κύπριν
538 2059 570 2108 δ
578 2051 590 2071 '
622 2058 828 2125 ἔλεξας,
856 2060 1026 2110 ταῦτα
1049 2054 1152 2127 γὰρ
1178 2059 1347 2126 γέλως
1372 2056 1560 2127 πολύς,

291 2142 479 2194 ἐλθεῖν
508 2142 618 2212 ἐμῷ
643 2138 744 2205 ξὺν
767 2141 922 2195 παιδὶ
946 2142 1211 2195 Μενέλεω
1238 2140 1456 2212 δόμους.

291 2220 394 2277 οὐκ
420 2218 488 2277 α“ν
511 2221 737 2292 μένουσ’
767 2247 834 2278 αν
857 2221 1056 2294 ἥσυχός
1080 2221 1132 2278 σ’
1163 2227 1222 2280 ἐν
1248 2222 1468 2298 οὐρανω
1667 2237 1748 2281 985

292 2304 483 2370 αὐταῖς
504 2303 842 2377 Ἀμύκλαις
821 2306 1027 2379 ήγαγεν
1050 2330 1185 2379 προς
1203 2306 1402 2363 ”·Ιλιον
1390 2350 1402 2373 ,

290 2391 362 2460 ἠν
386 2388 554 2460 οὑμὸς
578 2388 699 2457 υιός
722 2391 917 2456 κάλλος
946 2393 1390 2462 ἐκπρεπέστατος,

291 2470 319 2528 ὁ
344 2472 436 2539 σὸς
460 2471 513 2528 δ’
548 2473 684 2530 ίδων
709 2499 799 2530 νιν
821 2481 953 2539 νοῦς
977 2474 1210 2546 ἐποιήθη
1235 2474 1478 2548 Κύπρις·

289 2556 354 2612 τὰ
379 2565 535 2629 μῶρα
560 2558 663 2631 γὰρ
689 2555 850 2614 πάντ’
879 2560 1026 2614 ἐστὶν
1047 2556 1341 2632 Ἀφροδίτη
1365 2566 1598 2632 βροτοῖς,

290 2643 383 2696 καὶ
405 2639 629 2713 τοῦνομ’
658 2640 843 2715 ὀρθῶς
868 2640 1187 2715 ἀφροσύνης
1212 2641 1364 2716 ἄρχει
1386 2651 1537 2709 θεᾶς.
1666 2656 1751 2701 992

287 2728 358 2780 σύ
382 2733 524 2795 γοῦν
551 2731 748 2782 ἰδοῦσα
772 2732 1074 2797 βαρβάροις
1101 2730 1376 2801 ἐσθήμασι

289 2814 476 2884 χρυσῷ
499 2832 556 2864 τε
580 2809 831 2881 λαμπρὸν
855 2810 1238 2883 ἐξεμαργώθης
1263 2819 1485 2884 φρένας.
