2018 3117
120 386 218 435 XO

118 554 222 625 ΕΚ

801 75 1152 124 ΤΡΩΙΛΔΕΣ
1668 80 1769 135 357

307 210 493 284 κόραι,
520 209 741 284 μέλπετ’
769 216 915 286 ἐμῶν
938 215 1128 287 γάμων

308 293 405 351 τὸν
429 300 791 370 πεπρωμένον
816 296 953 374 εὐνᾷ
976 300 1140 357 πόσιν
1165 303 1380 372 ἐμέθεν.
1686 321 1772 365 340

304 386 581 452 βασίλεια,
609 383 994 454 βακχεύουσαν
1017 381 1084 440 ού
1109 385 1269 457 λήψει
1292 387 1482 461 κόρην,

305 463 377 535 μὴ
402 472 622 537 κοῦφον
646 475 774 540 αἴρῃ
798 465 929 539 βῆμ’
958 471 1012 533 ἐς
1029 467 1293 541 Ἀργείων
1316 473 1578 544 στρατόν;

291 545 588 621 Ἠφαιστε,
621 555 911 625 δᾳδουχεῖς
935 552 1035 622 μὲν
1060 556 1121 609 ἐν
1145 555 1337 627 γάμοις
1360 563 1593 631 βροτων,

308 630 443 707 ἀτὰρ
467 634 681 708 λυγράν
704 658 767 706 γε
791 633 948 707 τήνδ’
978 635 1338 705 ἀναιθύσσεις
1364 642 1544 714 φλόγα

304 719 403 784 ἔξω
429 741 487 774 τε
511 719 766 790 μεγάλων
788 723 1045 776 ἐλπίδων.
1076 731 1248 794 οἴμοι,
1278 727 1488 798 τέκνον,
1687 744 1771 787 345

306 825 379 867 ως
402 800 501 874 οὐχ
526 800 624 859 ὑπ’
655 809 847 875 αἰχμῆς
872 802 924 860 σ’
955 803 1075 861 οὐδ’
1108 804 1206 863 ὑπ’
1230 805 1481 881 Ἀργείου
1507 811 1667 886 δορὸς

303 887 510 958 γάμους
533 896 832 959 γαμεῖσθαι
856 888 1046 946 τούσδ’
1075 890 1328 960 ἐδόξαζόν
1351 917 1498 952 ποτε.
1525 952 1532 959 ,

303 970 549 1045 παράδος
575 974 693 1043 ἐμοὶ
721 979 864 1044 φῶς·
891 971 957 1030 ού
983 973 1088 1046 γάρ
1114 973 1261 1048 ὀρθὰ
1285 994 1591 1053 πυρφορεῖς

300 1055 498 1126 μαινὰς
521 1055 804 1129 θοάζουσ’,
833 1055 970 1114 ούδέ
993 1062 1044 1114 σ’
1073 1063 1133 1113 αἱ
1152 1063 1336 1130 τύχαι,
1364 1064 1586 1134 τέκνον,

305 1140 744 1210 ἐσωφρονήκασ’,
811 1139 931 1198 ἀλλ’
962 1141 1037 1199 ἔτ’
1067 1147 1128 1200 ἐν
1152 1150 1336 1222 ταύτῷ
1359 1150 1556 1219 μένεις.
1687 1167 1772 1211 350

304 1227 586 1299 εἰσφέρετε
611 1226 816 1292 πεύκας
842 1227 1060 1300 δάκρυά
1083 1226 1132 1284 τ’
1163 1227 1559 1291 ἀνταλλάσσετε

302 1322 415 1375 τοῖς
439 1314 606 1382 τῆσδε
630 1313 842 1382 μέλεσι,
877 1313 1158 1387 Τρῳάδες,
1187 1324 1487 1389 γαμηλίοις.

301 1399 499 1467 μῆτερ,
526 1395 731 1464 πύκαζε
753 1394 906 1469 κρᾶτ’
936 1396 1069 1469 ἐμὸν
1092 1401 1402 1502 νικηφόρον

301 1479 394 1533 καὶ
417 1492 571 1551 χαῖρε
594 1493 707 1545 τοῖς
731 1483 906 1553 ἐμοῖσι
922 1488 1232 1583 βασιλικοῖς
1255 1486 1448 1557 γάμοις

299 1564 392 1618 καὶ
415 1565 618 1635 πέμπε,
648 1588 753 1620 καν
777 1580 849 1638 μή
875 1563 1016 1638 τάμά
1038 1584 1126 1623 σοι
1150 1569 1417 1643 πρόθυμά
1440 1595 1473 1643 γ
1480 1565 1573 1645 ’ᾗ
1684 1588 1768 1633 355

301 1644 441 1703 ὤθει
465 1654 684 1719 βιαιως·
713 1655 764 1705 εἰ
784 1658 888 1724 γάρ
916 1657 1027 1707 ἔστι
1049 1655 1264 1725 Λοξίας,

292 1728 508 1805 Ελένης
531 1748 695 1805 γαμεῖ
714 1758 782 1806 με
805 1738 1234 1809 δυσχερέστερον
1257 1739 1431 1812 γάμον

299 1813 327 1871 ὁ
353 1822 465 1872 τῶν
483 1814 716 1921 Ἀχαιῶν
740 1819 957 1885 κλεινὸς
977 1818 1330 1894 Ἀγαμέμνων
1355 1822 1504 1894 ἅναξ.

298 1922 472 1956 κτενω
499 1901 603 1976 γὰρ
629 1901 804 1960 αὐτὸν
826 1903 1253 2013 κάντιπορθήσω
1280 1909 1485 1981 δόμους

298 2006 494 2051 ποινας
496 1983 780 2090 ἆδελφων
803 1992 894 2046 και
924 1990 1127 2063 πατρὸς
1151 1992 1383 2065 λαβοῦσ’
1411 1999 1564 2068 ἐμοῦ.
1681 2011 1767 2056 360

301 2066 422 2125 ἀλλ’
452 2068 576 2127 αύτ’
606 2073 773 2130 ἐάσω
805 2076 1045 2131 πέλεκυν
1069 2074 1169 2148 οὐχ
1192 2075 1529 2185 ὑμνήσομεν,

297 2148 357 2219 ὂς
388 2160 463 2220 εἰς
487 2156 757 2230 τράχηλον
781 2158 878 2216 τὸν
906 2159 1037 2232 ἐμὸν
1064 2160 1168 2217 εἶσι
1190 2160 1452 2236 χὰτέρων,

294 2241 703 2313 μητροκτόνους
725 2241 775 2298 τ’
805 2241 1051 2316 ἆγωνας,
1076 2244 1174 2312 οὓς
1201 2245 1362 2319 οὑμοὶ
1386 2250 1552 2322 γάμοι

292 2324 599 2397 θήσουσιν,
627 2335 798 2384 οἴκων
820 2327 869 2384 τ’
891 2327 1121 2402 Ἀτρέως
1146 2329 1468 2389 ἀνάστασιν·

292 2408 453 2465 πόλιν
479 2411 541 2467 δε
564 2416 725 2479 δείξω
749 2412 915 2485 τήνδε
943 2418 1359 2489 μακαριωτέραν
1679 2433 1764 2480 365

295 2487 332 2563 ἢ
355 2492 483 2559 τοὺς
502 2492 780 2568 Ἀχαιούς,
808 2503 1005 2563 ἔνθεος
1027 2501 1156 2570 με’,ν
1184 2497 1306 2555 ἀλλ’
1334 2498 1481 2574 όμως

293 2577 521 2635 τοσόνδε
545 2577 600 2651 γ’
630 2584 730 2648 ἔξω
757 2581 1021 2654 στήσομαι
1043 2586 1466 2657 βακχευμάτων

291 2667 349 2717 οἳ
370 2660 462 2717 διὰ
485 2670 618 2735 μίαν
642 2678 880 2737 γυναῖκα
903 2669 996 2723 καὶ
1020 2673 1154 2738 μίαν
1177 2670 1403 2744 Κύπριν

289 2752 575 2817 θηρῶντες
591 2746 816 2822 Ἑλένην
841 2758 1076 2825 μυρίους
1101 2750 1409 2813 ἀπώλεσαν.

289 2825 320 2886 ὃ
347 2831 408 2886 δὲ
431 2833 729 2907 στρατηγὸς
753 2832 781 2891 ὃ
807 2835 981 2908 σοφὸς
1004 2840 1275 2909 ἐχθίστων
1298 2837 1440 2914 ῧπερ
1676 2856 1765 2900 370
