2018 3117
195 1024 285 1073 [Ο.

760 539 1278 597 ΕΥΡΙΠΙΔΟΥ

558 707 1481 782 ΦΟΙΝΙΣΣΑΙ.

376 1011 438 1075 Ὦ
469 1018 569 1092 τὴν
593 1022 651 1076 ἐν
682 1017 899 1092 ἄστροις
925 1019 1171 1093 οὐρανοῦ
1196 1024 1410 1094 τέμνων
1434 1021 1568 1082 ὁδὸν

377 1106 468 1160 καὶ
492 1106 1010 1176 χρυσοκολλήτοισιν
1040 1106 1282 1178 ἐμβεβώς
1310 1112 1530 1180 δίφροις

363 1186 545 1260 ’Ἠλιε,
573 1198 732 1254 θοαῖς
758 1194 1006 1246 ἵπποισιν
1032 1196 1287 1248 εἱλίσσων
1313 1192 1510 1265 φλόγα,

382 1272 453 1339 ως
478 1279 722 1346 δυστυχῆ
749 1274 984 1347 Θήβαισι
1008 1282 1072 1349 τῇ
1098 1274 1222 1332 τόθ’
1250 1274 1426 1353 ἡμέρᾳ

380 1356 556 1415 ἀκτῖν’
589 1362 822 1431 ἐφῆκας,
847 1360 1072 1432 Κάδμος
1097 1358 1250 1433 ἡνίκ’
1284 1355 1426 1435 ἦλθε
1449 1369 1556 1437 γῆν
1820 1383 1846 1427 5

375 1441 550 1515 τήνδ’,
578 1443 819 1500 ἐκλιπών
848 1452 1151 1502 Φοίνισσαν
1175 1450 1400 1504 ἐναλίαν
1424 1449 1627 1519 χθόνα·

374 1525 433 1594 ὃς
462 1533 632 1585 παῖδα
662 1530 835 1602 γήμας
859 1530 1148 1603 Κύπριδος
1165 1528 1460 1605 Ἁρμονίαν
1483 1536 1612 1592 ποτὲ

373 1614 720 1685 Πολύδωρον
745 1617 1000 1686 ἐξέφυσε,
1033 1622 1131 1672 τοῦ
1160 1617 1220 1672 δὲ
1244 1618 1542 1689 Λάβδακον

374 1704 549 1769 φῦναι
573 1701 857 1770 λέγουσιν,
886 1704 943 1756 ἐκ
971 1701 1031 1757 δὲ
1055 1706 1220 1757 τοῦδε
1243 1702 1433 1758 Λάιον.

374 1781 478 1855 ἐγώ
508 1783 567 1840 δὲ
597 1797 722 1849 παῖς
751 1786 851 1856 μὲν
879 1786 1138 1858 κλῄζομαι
1162 1790 1502 1859 Μενοικέως,
1790 1807 1846 1850 10

371 1870 566 1940 Κρέων
592 1866 640 1924 τ’
675 1867 915 1942 ἀδελφὸς
942 1870 1144 1943 μητρὸς
1169 1874 1228 1927 ἐκ
1252 1879 1377 1944 μιᾶς
1403 1879 1512 1946 ἔφυ
1529 1893 1539 1903 ·

373 1959 603 2009 καλοῦσι
629 1952 681 2010 δ’
706 1952 983 2028 Ἰοκάστην
1009 1979 1101 2027 με,
1128 1963 1287 2013 τοῦτο
1313 1956 1416 2029 γὰρ
1442 1958 1618 2032 πατὴρ

372 2042 556 2107 ἔθετο,
583 2053 748 2110 γαμεῖ
772 2041 832 2096 δὲ
855 2041 1024 2107 Λάιός
1048 2038 1106 2113 μ’
1124 2060 1134 2070 ·
1163 2044 1280 2098 ἐπεὶ
1306 2040 1358 2098 δ’
1389 2040 1551 2109 ἅπαις

372 2113 441 2192 ἦν
462 2122 656 2193 χρόνια
682 2125 880 2195 λέκτρα
908 2123 1031 2197 τᾶμ’
1062 2133 1200 2196 ἔχων
1228 2131 1287 2183 ἐν
1313 2127 1576 2199 δώμασιν,

371 2204 555 2262 ἐλθών
580 2210 756 2282 ἐρωτᾷ
783 2216 991 2281 Φοῖβον
1017 2213 1215 2276 ἐξαιτεῖ
1240 2209 1302 2266 θ’
1336 2209 1444 2283 ἅμα
1787 2229 1841 2273 15

368 2296 585 2347 παίδων
613 2295 665 2357 ἐς
692 2302 877 2358 οἴκους
902 2292 1150 2366 ἀρσένων
1173 2302 1489 2352 κοινωνίαν.

368 2371 397 2431 ‘6
426 2374 478 2432 δ’
509 2375 686 2433 εἶπεν·
720 2370 764 2433 ὦ
791 2379 1062 2451 Θήβαισιν
1089 2376 1342 2445 εὐίπποις
1370 2378 1522 2451 ἅναξ,

371 2460 443 2532 μὴ
471 2474 659 2533 σπεῖρε
683 2465 893 2519 τέκνων
917 2461 1087 2520 ἄλοκα
1111 2464 1391 2536 δαιμόνων
1416 2472 1535 2540 βίᾳ·

372 2551 422 2601 εἰ
443 2544 546 2617 γὰρ
577 2548 865 2614 τεκνώσεις
895 2547 1069 2619 παῖδ’,
1101 2545 1394 2606 ἀποκτενεῖ
1414 2547 1467 2606 σ’
1498 2548 1526 2607 ὁ
1556 2550 1681 2622 φύς,

366 2632 459 2687 καὶ
485 2636 588 2695 πᾶς
614 2630 706 2698 σὸς
733 2632 880 2698 οἶκος
903 2634 1128 2706 βήσεται
1155 2631 1230 2690 δι’
1261 2639 1501 2706 αἳματος.
1783 2650 1839 2692 20

367 2713 396 2771 ὃ
429 2711 480 2771 δ’
516 2713 688 2788 ἡδονῇ
718 2717 849 2783 δοὺς
877 2726 952 2784 εἵς
978 2742 1035 2775 τε
1059 2726 1316 2791 βακχεῖον
1338 2719 1522 2776 πεσων

367 2805 620 2872 ἔσπειρεν
643 2798 773 2872 ἡμῖν
799 2808 996 2874 παῖδα,
1024 2805 1116 2859 καὶ
1146 2809 1370 2876 σπείρας
1395 2807 1616 2877 βρέφος,

368 2890 536 2956 γνοὺς
559 2882 922 2959 τάμπλάκημα
952 2895 1050 2944 τοῦ
1076 2894 1215 2944 θεοῦ
1241 2912 1298 2945 τε
1322 2888 1423 2962 τὴν
1449 2890 1631 2962 φάτιν,
