2018 3117
691 88 696 93 ’
776 86 1093 132 ΟΡΕΣΤΗΣ
1642 85 1745 136 289

298 232 448 297 εἴπερ
478 223 581 297 γὰρ
614 233 740 280 εἴσω
764 230 862 298 γῆς
892 222 1231 294 ἄκοντίζουσ’
1266 222 1411 298 ἀραί,

290 307 561 364 κλύει.σύ
591 306 666 380 δ’,
696 333 736 364 ω
762 316 871 364 Ζεῦ
901 309 1139 382 πρόγονε
1161 311 1254 365 καὶ
1276 316 1454 382 Δίκης
1480 312 1660 383 σέβας,

291 390 407 449 δότ’
441 389 735 464 εὐτυχῆσαι
762 391 891 468 τῷδ’
920 397 1039 464 ἐμοί
1065 416 1122 450 τε
1145 396 1279 467 τῇδέ
1300 412 1384 449 τε·

292 490 530 543 τρισσοῖς
560 484 741 548 φίλοις
769 476 872 551 γὰρ
902 474 977 542 εἷς
1001 475 1178 549 ἄγων,
1211 483 1337 551 δίκη
1371 484 1467 550 μία

107 629 109 631 ‚
292 557 344 631 [ἢ
370 567 464 632 ζῆν
494 558 697 617 ἅπασιν
724 558 759 632 ἢ
785 571 986 617 θανεῖν
1014 559 1333 635 ὀφείλεται].
1634 576 1746 620 1245

101 649 222 700 HA.
290 650 617 716 Μυκηνίδες
646 637 691 700 οἷ
720 651 926 717 φίλιαι,
1459 665 1572 721 στρ.

290 727 354 784 τὰ
384 736 572 802 πρῶτα
595 728 730 784 κατὰ
755 727 1046 801 Πελασγὸν
1069 733 1188 795 ἕδος
1211 729 1489 803 Ἀργείων.

103 820 218 869 ΧΟ.
288 819 411 869 τίνα
439 822 626 887 θροεῖς
651 810 857 884 αύδοῖν,
884 814 1106 882 πότνια;
1137 818 1436 888 παραμένει

293 896 397 969 γὰρ
425 903 502 953 ε”τι
529 915 614 953 σοι
637 897 735 953 τόδ
741 895 754 916 ⁹
783 901 843 954 ἐν
864 903 1164 954 Δαναϊδῶν
1189 899 1359 955 πόλει.
1634 915 1746 957 1250

101 988 223 1038 ΗΛ.
291 979 454 1050 στῆθ’
482 982 663 1052 αἳμὲν
688 979 846 1053 ὑμῶν
872 979 1028 1039 τόνδ’
1058 980 1300 1057 ἁμαξήρη
1325 990 1533 1057 τρίβον,

289 1071 351 1121 αἳ
369 1069 402 1121 δ
409 1063 422 1083 ’
456 1062 649 1122 ἐνθάδ’
677 1063 844 1122 ἄλλον
871 1067 1027 1138 οἷμον
1057 1073 1133 1133 εἰς
1157 1067 1411 1142 φρουρὰν
1436 1068 1636 1140 δόμων.

103 1157 219 1206 ΧΟ.
289 1156 347 1205 τί
367 1152 431 1206 δέ
450 1173 517 1221 με
538 1150 663 1208 τόδε
684 1153 839 1222 χρέος
866 1148 1075 1219 ἀπύεις,

291 1236 491 1290 ἔννεπέ
507 1256 626 1305 μοι,
653 1242 802 1305 φίλα.

106 1325 223 1374 HA.
294 1318 464 1391 φόβος
488 1325 597 1390 ἔχει
625 1342 690 1390 με
716 1321 788 1392 μή
816 1343 894 1385 τις
919 1321 1007 1376 ἐπὶ
1036 1319 1245 1392 δώμασι
1637 1335 1746 1378 1255

290 1404 513 1469 σταθεὶς
537 1405 624 1459 ἐπὶ
650 1410 872 1476 φοίνιον
895 1401 1026 1475 αἷμα

291 1486 507 1559 πήματα
532 1488 774 1559 πήμασιν
800 1488 1008 1561 ἐξεύρῃ.

107 1577 320 1627 ΗΜΙΧ.
346 1570 582 1643 χωρεῖτ’,
613 1571 975 1644 ἐπειγώμεσθ’
995 1592 1006 1602 ·
1036 1572 1140 1645 ἐγω
1165 1574 1266 1645 μὲν
1290 1565 1394 1629 οὖν
1418 1580 1608 1648 τρίβον

291 1652 443 1710 τόνδ’
472 1658 787 1729 ἐκφυλάξω,
815 1656 912 1712 τὸν
935 1656 1070 1729 πρὸς
1093 1656 1253 1730 ἡλίου
1277 1657 1454 1730 βολάς.

104 1747 321 1796 ΗΜΙΧ.
350 1740 443 1795 καὶ
465 1740 576 1812 μὴν
597 1741 703 1814 ἐγώ
732 1739 906 1812 τόνδ’,
934 1738 992 1807 ὃς
1019 1741 1155 1813 πρὸς
1179 1744 1414 1816 ἑσπέραν
1439 1746 1611 1818 φέρει.
1637 1757 1748 1802 1260

103 1831 223 1880 ΗΛ.
295 1823 490 1894 δόχμιά
518 1849 625 1881 νυν
649 1826 814 1897 κόρας
842 1823 1063 1899 διάφερ’
1092 1825 1348 1898 ὀμμάτων

294 1911 512 1964 ἐκεῖθεν
535 1907 752 1981 ἐνθάδ’,
783 1910 895 1966 εἶτα
921 1911 1339 1968 παλινσκοπιάν.

104 1998 320 2048 ΗΜΙΧ.
348 1997 540 2063 ἔχομεν
562 1991 633 2058 ὡς
656 2002 859 2067 θροεῖς.
1638 2011 1746 2055 1265

103 2083 224 2132 HA.
294 2078 536 2133 ἑλίσσετέ
555 2102 662 2134 νυν
685 2082 965 2152 βλέφαρον
1499 2078 1613 2138 ἆντ.

292 2161 458 2232 κόρας
482 2161 699 2218 διάδοτε
725 2162 816 2219 διὰ
844 2167 1165 2233 βοστρύχων
1190 2165 1382 2233 πάντῃ,

106 2251 324 2300 HMIX.
351 2242 446 2301 ὅδε
470 2252 550 2312 τίς
574 2250 633 2303 ἐν
655 2254 856 2323 τρίβω;
884 2247 1141 2320 πρόσεχε,
1169 2256 1250 2315 τίς
1276 2247 1363 2306 ὅδ’
1395 2274 1462 2323 αρ
1472 2247 1619 2323 ’ἄμ-

297 2330 360 2399 φὶ
388 2333 668 2404 μέλαθρον
693 2340 851 2388 πολεῖ
869 2332 969 2389 σὸν
993 2330 1223 2406 αγρότας
1248 2331 1416 2439 ανήρ·
1403 2376 1417 2401 ,
1636 2346 1747 2392 1270

103 2419 222 2470 HA
296 2410 647 2486 ἀπωλόμεσθ’
678 2414 764 2490 αρ’
780 2461 795 2488 ,
823 2441 863 2472 ω
890 2424 1071 2489 φίλαι·
1098 2420 1510 2491 κεκρυμμένους

294 2503 473 2569 θῆρας
498 2500 746 2574 ξιφήρεις
773 2499 956 2557 αὐτίκ’
991 2505 1271 2575 ἐχθροῖσιν
1292 2515 1474 2576 φανεῖ.

106 2588 323 2637 ΗΜΙΧ.
351 2579 603 2685 αφοβος
583 2590 694 2655 ἔχε·
721 2586 906 2657 κενός,
934 2588 974 2640 ὦ
1001 2592 1152 2658 φίλα,

301 2664 528 2737 στίβος
511 2691 576 2724 ον
600 2667 668 2724 οὐ
693 2674 887 2736 δοκεῖς.

114 2755 227 2806 HA.
295 2756 353 2806 τί
373 2752 462 2818 δέ;
487 2750 546 2807 τὸ
572 2751 673 2808 σὸν
694 2757 919 2826 βέβαιον
944 2759 1020 2810 ἔτι
1045 2778 1137 2826 μοι
1159 2758 1340 2826 μένει;
1637 2768 1746 2815 1276

554 2853 666 2897 1246
682 2874 743 2882 -
757 2856 867 2899 1265
885 2870 953 2892 :z
973 2856 1083 2900 1266
1104 2877 1162 2884 -
1177 2856 1287 2901 1285

241 2928 388 2961 Evnm.
425 2930 528 2963 vot..
563 2918 616 2962 II.
1119 2945 1135 2949 ⁷<
1406 2915 1470 2966 19
