2018 3117
209 93 310 144 154
967 96 1101 143 ΙΩΝ

411 245 603 310 μολεῖν
624 240 866 309 Ἀθηνῶν
891 240 1034 309 χὺπὸ
1062 240 1336 310 μητρυιὰν
1361 253 1565 295 πεσεῖν.
1785 255 1893 294 1270

414 325 481 380 ἐν,
505 324 810 392 συμμάχοις
834 324 941 393 γὰρ
969 324 1424 395 ἀνεμετρησάμην
1450 327 1660 395 φρένας

411 410 508 470 τὰς
535 409 657 474 σάς,
688 407 823 460 ὅσον
850 429 942 476 μοι
968 414 1120 478 πῆμα
1148 409 1424 478 δυσμενής
1449 410 1499 463 τ’
1527 414 1688 480 ἔφυς·

408 497 537 544 εἴσω
565 491 671 559 γάρ
699 490 770 544 ἄν
796 513 862 560 με
888 496 1271 561 περιβαλοῦσα
1300 494 1542 547 δικτύων

265 609 305 653 <5
387 573 682 674 Qc'lv
710 577 1013 645 ἐξέπεμψας
1042 579 1118 639 εἰς
1141 576 1318 630 Ἅιδου
1347 578 1567 646 δόμους.
1786 590 1894 629 1274

407 660 599 712 ἴδεσθε
624 659 725 728 τὴν
752 666 1106 729 πανοῦργον,
1138 662 1198 714 ἐκ
1225 663 1417 730 τέχνης
1441 661 1640 730 τέχνην
1785 674 1891 712 1279

407 743 530 795 οἵαν
558 745 770 808 ἔπλεξε·
813 744 1004 814 βωμὸν
1030 747 1259 813 ἔπτηξεν
1285 750 1445 814 θεοῦ,

408 825 482 888 (ὃς
508 825 575 880 οὐ
603 829 766 896 δίκην
793 829 1054 882 δώσουσα
1081 832 1192 881 τῶν
1222 831 1617 898 εἰργασμένων.
1785 841 1891 880 1281

405 910 532 963 ἀλλ’
563 911 694 964 οὔτε
719 911 903 981 βωμὸς
931 911 1053 965 οὔτ’
1078 912 1422 975 ’Λπόλλωνος
1449 914 1616 982 δόμος
1784 925 1891 964 1275

404 996 573 1047 σω’σει
595 985 656 1047 6⁹.
678 989 705 1047 ὁ
727 992 967 1059 δὀἷκτος
995 994 1022 1049 ὁ
1050 997 1145 1059 σὸς
1173 999 1293 1065 ἐμοὶ
1321 1001 1597 1065 κρείσσων
1625 998 1776 1066 πάρα

405 1082 497 1131 καὶ
534 1081 697 1147 μητρὶ
724 1080 893 1148 τήμῇ·
938 1081 1029 1132 καὶ
1056 1079 1164 1149 γάρ
1194 1083 1243 1133 εἰ
1266 1079 1326 1133 τὸ
1356 1082 1513 1149 σῶμά
1539 1101 1631 1149 μοι

406 1161 638 1216 ἄπεστιν
666 1162 859 1232 αὐτῆς,
889 1163 1121 1232 τοῦνομ’
1151 1164 1254 1217 οὐκ
1282 1164 1483 1218 ἄπεστί
1503 1184 1605 1218 πω.
1784 1176 1892 1216 1278

404 1246 659 1314 λάζυσθ’,
690 1246 763 1299 ἵν’
794 1246 965 1316 αὐτῆς
989 1247 1119 1310 τούς
1147 1248 1460 1328 ἀκηράτους
1487 1250 1734 1311 πλόκους
1785 1261 1892 1301 1266

405 1332 576 1400 κόμης
603 1331 949 1400 καταξήνωσι
975 1337 1287 1401 Παρνασοῦ
1313 1335 1545 1402 πλάκες,

405 1415 544 1467 ὅθεν
568 1425 834 1482 πετραῖον
862 1415 1006 1483 ἅλμα
1038 1418 1453 1484 δισκηθήσεται.
1784 1428 1891 1469 1268

220 1510 325 1558 ΚΡ.
404 1499 694 1558 ἀπεννέπω
722 1521 782 1558 σε
806 1502 878 1574 μὴ
905 1509 1282 1559 κατακτείνειν
1307 1503 1400 1574 ἐμὲ
1774 1511 1889 1555 1232

405 1584 546 1656 ὑπέρ
574 1584 618 1642 τ’
650 1590 884 1659 ἐμαυτῆς
907 1594 1007 1643 τοῦ
1035 1593 1177 1643 θεοῦ
1203 1586 1264 1643 θ’
1295 1586 1370 1643 ἵν’
1400 1591 1646 1661 ἕσταμεν.

215 1678 374 1728 ῙῼΝ.
406 1678 462 1727 τί
482 1669 533 1727 δ’
563 1675 677 1728 ἐστὶ
701 1679 889 1747 Φοίβῳ
917 1679 1009 1727 σοί
1027 1695 1084 1727 τε
1106 1671 1299 1728 κοινὸν
1323 1675 1382 1728 ἐν
1405 1676 1579 1748 μέσφ;

215 1764 325 1812 ΚΡ.
405 1756 556 1824 ἱερὸν
585 1756 643 1812 τὸ
670 1763 825 1828 σῶμα
850 1763 926 1832 τῷ
951 1763 1067 1832 θεῷ
1095 1755 1293 1829 δίδωμ’
1324 1763 1484 1828 ἔχειν.
1768 1774 1873 1817 1285

216 1848 378 1897 LQN.
406 1834 526 1915 κᾷτ’
557 1847 776 1907 ἔκτανες
799 1841 868 1897 σὺ
895 1841 1205 1914 φαρμάκοις
1230 1841 1327 1898 τὸν
1350 1848 1450 1898 τοῦ
1476 1848 1645 1910 θεοῦ;

216 1933 323 1982 KP.
401 1923 522 1981 ἀλλ’
551 1924 732 1982 οὐκέτ’
761 1920 911 1998 ἦσθα
931 1931 1160 1997 Λοξίου,
1189 1926 1392 1998 πατρὸς
1417 1927 1478 1983 δε
1503 1934 1623 1983 σοῦ.

215 2018 376 2066 ΙῼΝ.
406 2009 525 2066 αλλ’
555 2012 923 2083 ἐγενόιιεσθα,
953 2011 1156 2076 πατοὸς
1062 2009 1463 2088 δουσιαν
1485 2016 1645 2090 Q.

215 2103 325 2151 ΚΡ.
404 2094 615 2151 οὔκουν
639 2094 750 2153 τότ’
781 2089 954 2168 ἧσθας
982 2104 1091 2152 νῦν
1117 2095 1170 2152 δ’
1205 2097 1337 2168 ἐγώ,
1365 2096 1434 2153 σύ
1461 2096 1513 2153 δ’
1543 2094 1727 2153 ουκέτ’
1758 2098 1821 2154 εἶ.

212 2187 375 2236 ΙῼΝ.
403 2178 505 2236 οὐκ
532 2177 761 2252 εὐσεβής
787 2200 872 2252 γε·
899 2206 1040 2252 ταμα
1065 2179 1116 2237 δ’
1148 2178 1348 2253 εὐσεβῆ
1373 2179 1482 2238 τότ’
1511 2175 1595 2254 ἦν.
1764 2196 1873 2240 1290

213 2272 323 2321 ΚΡ.
401 2266 616 2321 ἔκτεινά
641 2264 695 2321 σ’
725 2264 859 2323 ὄντα
883 2269 1145 2337 πολέμιον
1169 2266 1358 2337 δόμοις
1386 2270 1550 2337 ἐμοῖς.

211 2357 374 2406 ΙΩΝ.
403 2347 557 2406 οὗτοι
582 2350 690 2406 σὺν
713 2349 900 2416 ὅπλοις
922 2344 1101 2422 ἦλθον
1127 2356 1201 2415 εἰς
1226 2349 1326 2423 τὴν
1350 2349 1453 2422 σὴν
1476 2352 1671 2422 χθόνα.

213 2442 323 2490 ΚΡ.
401 2436 660 2505 μάλιστα·
687 2433 1005 2508 κάπίμπρας
1029 2434 1082 2508 γ’
1105 2433 1406 2506 Ἐρεχθέως
1431 2437 1652 2508 δόμους.

213 2526 374 2575 ῙῼΝ.
401 2525 609 2576 ποίοισι
635 2533 826 2599 παν-οῖς
849 2517 884 2593 ἢ
909 2521 1083 2592 πυρὸς
1105 2526 1236 2594 ποία
1261 2527 1456 2592 φλογί;

188 2616 190 2619 ’
215 2611 323 2659 ΚΡ.
403 2610 622 2675 ἔμελλες
647 2611 819 2662 οἰκεῖν
843 2603 986 2677 τᾶμ’,
1015 2609 1147 2678 ἐμοῦ
1173 2611 1268 2679 βία
1292 2605 1494 2677 λαβών.
1763 2619 1870 2663 1295

214 2695 376 2744 ΙΩΝ.
401 2686 633 2745 κάπειτα
658 2697 758 2746 τοῦ
783 2693 1003 2761 μέλλειν
1027 2688 1084 2762 μ’
1113 2689 1427 2755 ἀπέκτεινες
1455 2690 1641 2766 φόβως
1760 2705 1871 2749 1300

215 2779 323 2828 ΚΡ.
402 2796 474 2838 ως
497 2772 569 2845 μὴ
594 2775 831 2845 θάνοιμί
847 2773 901 2847 γ’
908 2819 922 2845 ,
951 2781 1002 2831 εί
1022 2775 1093 2832 σὺ
1117 2774 1189 2849 μῂ
1215 2777 1345 2876 μέλλ
1351 2798 1428 2830 ων
1414 2775 1650 2869 τύχοις.
1690 2780 1736 2845 X

223 2864 376 2912 ΤΩΝ.
405 2867 637 2930 φθονεῖς
663 2884 826 2925 απαις
851 2858 996 2931 οὐσ’,
1025 2867 1075 2916 εἰ
1095 2858 1273 2931 πατὴρ
1303 2844 1598 2932 ἐξηῦρέ
1512 2885 1595 2932 με
