2018 3117
291 97 324 148 6

607 99 986 145 ΙΦΙΓΕΝΕΙΑ
1016 100 1076 145 Η
1103 100 1202 145 ΕΝ
1232 100 1489 146 ΑΥΛΙΔΙ

450 239 670 310 Κάλχας
697 235 747 293 δ’
779 235 806 294 ὁ
833 238 1024 309 μάντις
1052 244 1127 304 εἰς
1153 245 1365 295 κανοῦν
1388 242 1731 313 χρυσήλατον
1800 259 1907 302 1565

450 330 654 395 ἔθηκεν
679 320 775 389 ὀξὺ
801 324 943 394 χειρὶ
969 322 1259 394 φάσγανον
1283 324 1492 390 σπάσας

401 397 420 450 ⁸
450 414 662 464 κολεῶν
688 413 930 478 ἔσωθεν,
957 407 1130 480 κρᾶτά
1155 405 1191 463 τ’
1223 414 1450 474 ἔστεψεν
1474 409 1657 481 κόρης.

452 483 634 556 (ιζ-παῖς
661 489 713 546 δ’
743 488 770 547 ὁ
796 494 1024 563 Πηλέως
1050 495 1109 548 ἐν
1134 492 1319 562 κύκλῳ
1346 492 1535 564 βωμὸν
1559 501 1696 561 θεᾶς

451 575 636 648 λαβὼν
662 582 875 631 κανοῦν
900 580 1091 647 ἔθρεξε
1115 577 1371 648 χέρνιβάς
1397 575 1460 633 θ’
1490 575 1647 650 ὁμοῦ,

452 664 597 728 ἔλεξε
624 657 679 715 δ’
700 679 710 688 ·
741 653 785 714 cg
814 673 914 716 παῖ
935 663 1129 731 Ζηνός,
1160 657 1203 716 ω’
1234 661 1558 733 θηροκτόνε,
1802 678 1911 724 1570

450 741 509 802 τὸ
536 743 789 817 λαμπρὸν
815 743 1111 801 εἶλίσσουσ’
1141 749 1201 801 ἐν
1227 743 1475 819 εὐφρόνῃ
1503 747 1657 819 φάος,

450 833 598 898 δέξαι
624 828 682 885 τὸ
709 835 866 901 θῦμα
891 827 1009 887 τόδ’
1041 828 1071 887 ὅ
1096 833 1160 901 γέ
1182 849 1268 886 σοι
1293 832 1628 903 δωρούμεθα

449 913 672 988 στρατός
696 911 744 969 τ’
768 912 998 986 Ἀχαιῶν
1018 913 1371 987 Ἀγαμέμνων
1396 913 1527 983 ἅναξ
1555 914 1616 972 θ’
1647 915 1802 989 ὁμοῦ,

447 998 717 1071 ἄχραντον
741 996 873 1071 αἷμα
897 1002 1345 1071 καλλιπαρθένου
1372 1003 1548 1072 δέρης,

446 1087 539 1140 καὶ
563 1083 657 1149 δὸς
681 1087 945 1155 γενέσθαι
971 1091 1149 1140 πλοῦν
1174 1091 1319 1140 νεῶν
1345 1082 1597 1156 ἀπήμονα
1802 1099 1907 1145 1575

455 1176 652 1244 Τροίας
677 1192 734 1224 τε
759 1167 991 1240 πέργαμ’
1023 1172 1226 1236 ἐξελεῖν
1252 1166 1391 1240 ἡμᾶς
1418 1175 1559 1241 δορί.

447 1261 522 1320 εἰς
558 1260 664 1326 γῆν
700 1250 753 1309 δ’
800 1251 1070 1324 Ἀτρεῖδαι
1106 1260 1209 1318 πᾶς
1257 1254 1484 1324 στρατός
1530 1250 1578 1309 τ’
1621 1260 1745 1326 ἔστη
1781 1256 1907 1326 βλέ-

1008 1362 1145 1393 πων.

452 1423 605 1495 ἵρεῦς
640 1429 698 1480 δὲ
741 1422 1030 1494 φάσγανον
1056 1421 1243 1493 λαβὼν
1270 1423 1546 1495 ἐπηύξατο,

444 1505 641 1579 λαιμόν
665 1504 714 1562 τ’
745 1505 1119 1577 ἐπεσκοπεῖθ’,
1148 1511 1237 1562 ἵνα
1262 1508 1515 1579 πλήξειεν
1540 1504 1608 1562 ἄν
1624 1526 1634 1536 ’

447 1594 564 1663 ἐμοὶ
580 1594 642 1646 δέ
658 1589 698 1646 τ’
713 1589 877 1661 ἄλγος
895 1590 962 1648 οὐ
988 1590 1188 1663 μικρὸν
1215 1591 1385 1663 εἰσῄει
1410 1598 1592 1663 φρενί,
1799 1605 1909 1648 1580

448 1674 654 1748 κᾶστην
677 1676 978 1741 νενευκώς·
1009 1682 1200 1746 θαῦμα
1226 1673 1280 1732 δ’
1311 1669 1381 1747 ἦν
1405 1684 1607 1747 αἴφνης
1634 1673 1770 1748 ὁρᾶν
1789 1694 1800 1705 ·

447 1767 655 1832 πληγῆς
689 1759 898 1816 κτύπον
922 1759 1025 1832 γὰρ
1053 1766 1156 1824 πᾶς
1182 1784 1259 1825 τις
1285 1757 1479 1833 ᾔσθετ’
1509 1757 1577 1815 ἂν
1603 1767 1805 1833 σαφῶς,

446 1844 547 1915 τὴν
572 1848 854 1914 παρθένον
881 1843 933 1900 δ’
964 1843 1065 1901 οὐκ
1089 1844 1241 1900 οἶδεν
1266 1838 1335 1900 οῦ
1369 1851 1466 1915 γῆς
1495 1847 1695 1901 είσέδυ.

446 1935 552 2003 βοᾷ
578 1926 630 1984 δ’
662 1929 866 2001 ἱερεύς,
895 1927 1034 1995 ἅπας
1061 1927 1111 1985 δ’
1143 1930 1375 2000 ἐπήχησε
1404 1930 1646 2001 στρατός,

449 2011 683 2071 ἄελπτον
709 2014 1005 2079 εἰσιδόντες
1031 2018 1088 2070 ἐκ
1115 2020 1267 2069 θεῶν
1293 2037 1438 2078 τινος
1799 2027 1909 2071 1585

451 2096 644 2171 φάσμ’,
673 2091 742 2154 οῦ
767 2122 829 2170 γε
854 2098 984 2170 μηδ’
1015 2097 1299 2172 ὁρωμένου
1326 2104 1504 2163 πίστις
1530 2104 1737 2169 παρῆν·

449 2190 650 2255 ἔλαφος
675 2182 778 2256 γὰρ
807 2181 1133 2255 ἇσπαι’ρουσ’
1165 2180 1326 2239 ἔκειτ’
1359 2185 1447 2238 ἐπὶ
1469 2184 1636 2253 χθονὶ

450 2273 590 2325 ἰδεῖν
614 2274 838 2339 μεγίστη
866 2268 1169 2339 διαπρεπής
1195 2291 1252 2323 τε
1277 2266 1376 2337 τὴν
1401 2269 1558 2336 θέαν,

449 2346 512 2424 ἧς
538 2357 721 2424 αἵματι
745 2351 927 2423 βωμὸς
953 2350 1188 2424 ἐραίνετ’
1228 2350 1403 2423 ἄρδην
1429 2357 1521 2422 τῆς
1548 2357 1704 2407 θεοῦ.

449 2434 555 2494 κάν
580 2442 720 2510 τῷδε
744 2438 960 2508 Κάλχας
986 2444 1099 2502 πῶς
1126 2442 1306 2502 δοκεῖς
1329 2442 1537 2506 χαίρων
1564 2442 1668 2507 ἔφη
1685 2453 1697 2463 ·
1798 2449 1910 2492 1590

451 2514 495 2578 ὦ
519 2519 675 2577 τοῦδ’
709 2518 940 2590 Ἀχαιῶν
965 2528 1216 2595 κοίρανοι
1242 2526 1437 2577 κοινοῦ
1464 2525 1717 2593 στρατοῦ,

447 2603 613 2677 ὁρᾶτε
638 2604 802 2677 τήνδε
827 2612 1063 2676 θυσίαν,
1092 2603 1160 2676 ἣν
1184 2603 1217 2677 ἡ
1243 2603 1375 2669 θεὸς

449 2689 739 2761 προύθηκε
764 2695 1005 2760 βωμίαν,
1034 2697 1241 2762 ἔλαφον
1268 2687 1625 2761 ὀρειδρόμον;

447 2773 654 2846 ταύτην
680 2772 910 2845 μάλιστα
935 2781 1028 2844 τῆς
1054 2775 1218 2847 κόρης
1244 2771 1553 2842 ἀσπάζεται,

450 2857 521 2926 ὣς
545 2858 618 2930 μὴ
643 2857 808 2930 μιάνῃ
834 2857 1023 2929 βωμὸν
1050 2857 1269 2931 εὐγενεῖ
1290 2857 1461 2931 φόνῳ.
1803 2866 1910 2910 1595
