2018 3117
193 259 253 308 Π
255 259 311 306 Τ.

195 512 293 561 ΙΦ.

201 766 306 815 ΟΡ.

197 851 293 901 ΙΦ.

203 1191 309 1240 ΟΡ.

199 1277 297 1327 ΙΦ.

207 1446 310 1495 ΟΡ.

208 1531 310 1580 ΟΡ.

207 1618 236 1666 ἶ
237 1618 300 1665 Φ.

206 2126 264 2176 Π
269 2128 325 2175 Τ.

213 2551 321 2600 ΟΡ.

556 106 925 155 ΙΦΙΓΕΝΕΙΑ
960 105 1016 150 Η
1042 104 1136 150 ΕΝ
1175 103 1474 150 ΤΑΥΡΟΙΣ

382 254 561 313 καλῶς
587 249 769 312 ἔλεξας
794 250 907 299 τῶν
933 267 989 299 τε
1011 250 1123 298 σῶν
1153 246 1289 313 ἐμοῦ
1314 239 1378 297 θ’
1407 239 1567 314 ὕπερ.

385 333 616 406 σήμαινε
641 328 694 386 δ’
725 322 769 404 ᾦ
790 326 893 401 χρὴ
919 324 1073 384 τάσδ’
1103 325 1389 391 ἐπιστολὰς
1416 330 1610 399 φέρειν

386 417 522 491 πρὸς
540 414 740 487 ’Ἀργος
765 411 796 469 ὅ
823 437 873 470 τι
898 436 955 468 τε
977 410 1079 484 χρὴ
1105 411 1347 467 κλύοντά
1370 429 1472 467 σου
1498 415 1696 484 λέγειν.

386 498 609 575 ἄγγελλ’
636 498 890 571 Ὀρέστῃ,
920 499 1077 553 παιδὶ
1112 494 1547 565 τάγαμέμνονος·

386 586 418 660 ἡ
454 586 508 643 ’ν
532 583 742 641 Αὐλίδι
766 580 1023 655 σφαγεῖσ’
1053 584 1354 638 ἐπιστέλλει
1376 582 1504 637 τάδε
1779 595 1863 643 770

386 669 512 741 ζῶσ’
548 669 871 742 Ἰφιγένεια,
897 681 1010 733 τοῖς
1034 671 1150 723 ἐκεῖ
1172 664 1223 723 δ’
1253 664 1320 722 οὗ
1347 664 1473 734 ζῶσ’
1504 673 1599 723 ἔτι.

385 763 492 813 ποῦ
520 754 572 811 δ’
602 751 713 811 ἐστ’
746 757 960 825 ἐκείνης
988 749 1330 808 κατθανοῦσ’
1360 748 1481 823 ἥκει
1509 753 1704 820 πάλιν;

385 840 473 914 ἥδ’
502 838 572 914 ἣν
597 838 728 914 ὁρᾷς
752 839 847 895 σύ·
875 837 948 910 μὴ
973 836 1155 908 λόγοις
1181 839 1455 908 ἔκπλησσέ
1474 861 1557 908 με.

387 928 614 999 κόμισαί
631 923 688 996 μ’
719 927 772 989 ἐς
790 922 1017 993 ’Ἀργος,
1046 915 1090 976 ὦ
1115 922 1376 993 σύναιμε,
1405 925 1537 993 πρὶν
1561 932 1782 995 θανεῖν,

391 1017 449 1069 ἐκ
477 1011 764 1084 βαρβάρου
789 1015 888 1081 γῆς
914 1010 1006 1063 καὶ
1031 1008 1369 1079 μετάστησον
1393 1014 1529 1073 θεᾶς
1783 1021 1866 1066 775

391 1104 675 1169 σφαγίων,
703 1093 795 1165 ἐφ’
826 1091 935 1150 οἷσι
961 1093 1300 1163 ξενοφόνους
1325 1091 1482 1163 τιμὰς
1508 1099 1628 1163 ἔχω.

386 1183 651 1254 Πυλάδη,
679 1187 736 1235 τί
755 1183 920 1247 λέξω;
950 1184 1059 1234 ποῦ
1085 1175 1207 1234 ποτ’
1239 1175 1369 1235 ὄνθ’
1401 1174 1728 1250 ηὑρήμεθα;

390 1266 421 1339 ἢ
447 1281 560 1333 σοῖς
587 1265 750 1338 ἀραία
778 1265 1027 1336 δώμασιν
1056 1263 1372 1334 γενήσομαι,

386 1349 628 1423 Ὀρέσθ’,
658 1348 731 1406 ἵν’
762 1343 930 1414 αὖθις
955 1345 1133 1420 ὄνομα
1158 1350 1242 1413 δὶς
1267 1348 1455 1404 κλύων
1478 1349 1678 1421 μάθῃς.

389 1431 433 1493 ῶ
459 1444 601 1493 θεοί.
626 1443 725 1492 ΙΦ.
755 1442 811 1490 τί
831 1434 958 1498 τοὺς
970 1431 1142 1497 θεοὺς
1166 1431 1458 1499 ἀνακαλεῖς
1472 1437 1531 1489 ἐν
1554 1447 1667 1499 τοῖς
1693 1436 1870 1506 ἐμοῖς,

391 1520 584 1578 οὐδέν·
614 1524 842 1591 πέραινε
871 1518 923 1576 δ’
946 1537 956 1547 ·
984 1522 1175 1591 ἐξέβην
1200 1517 1303 1589 γάρ
1333 1517 1545 1575 ἄλλοσε.
1791 1531 1868 1576 781

390 1605 511 1679 τάχ’
559 1600 663 1664 οὖν
689 1610 913 1679 ἐρωτῶν
939 1601 992 1658 σ’
1024 1611 1100 1670 εἰς
1125 1601 1311 1659 ἄπιστ’
1341 1602 1623 1676 άφίξομαι.

390 1690 505 1764 λέγ’
536 1689 725 1748 οὕνεκ’
757 1697 968 1763 ἔλαφον
992 1688 1296 1746 ἀντιδοῦσά
1317 1713 1425 1760 μου
1450 1689 1558 1745 θεὰ

377 1776 634 1849 ’Ἀρτεμις
659 1778 835 1833 ἔσωσέ
854 1774 932 1848 μ’,
961 1771 1029 1846 ἢν
1056 1772 1219 1832 §five-²
1248 1773 1375 1846 ἐμὸς
1399 1775 1595 1848 πατήρ,

396 1868 578 1918 δοκῶν
603 1866 655 1927 ἐς
683 1860 820 1934 ἡμᾶς
847 1860 943 1929 6ξύ
972 1862 1261 1933 φάσγανον
1285 1867 1496 1932 βαλεῖν,
1790 1872 1872 1918 785

399 1954 475 2012 εἰς
499 1948 662 2019 τήνδε
689 1945 742 2003 δ’
775 1945 932 2022 ᾦκι-σ’
960 1946 1103 2003 αἶαν.
1132 1943 1242 2002 αἵδ’
1281 1949 1577 2017 ἐπιστολαί,

398 2030 520 2088 τάδ’
551 2035 664 2088 ἐστὶ
688 2030 788 2088 τάν
815 2036 1087 2088 δέλτοισιν
1111 2034 1541 2104 ἐγγεγραμμένα.

395 2111 439 2173 ῶ
464 2121 675 2192 ῥᾳδίοις
702 2115 916 2190 ὅρκοισι
942 2117 1321 2190 περιβαλοῦσά
1344 2140 1428 2188 με,

398 2204 659 2259 κάλλιστα
686 2200 739 2258 δ’
769 2200 1020 2274 όμόσασ’,
1051 2199 1118 2258 οὐ
1144 2203 1324 2257 πολὺν
1350 2201 1529 2273 σχήσω
1557 2200 1776 2273 χρόνον,

400 2288 499 2345 τὸν
525 2287 578 2344 δ’
601 2286 770 2361 ὅρκον
796 2285 862 2344 ὂν
887 2284 1159 2358 κατωμοσ’
1189 2287 1595 2358 ἐμπεδώσομεν.
1791 2297 1875 2343 790

403 2374 528 2430 ἰδού
547 2417 560 2444 ,
589 2376 740 2445 φέρω
767 2394 852 2429 σοι
874 2376 1067 2430 δέλτον
1092 2369 1410 2443 ἀποδίδωμί
1439 2394 1513 2442 τε,

399 2456 651 2531 Ὀρέστα,
681 2464 844 2530 τῆσδε
870 2466 966 2531 σῆς
992 2456 1321 2528 κασιγνήτης
1346 2457 1510 2528 πάρα.

401 2546 624 2615 δέχομαι
642 2564 653 2574 ·
683 2547 874 2615 παρεὶς
903 2545 964 2600 δὲ
997 2543 1330 2615 γραμμάτων
1356 2541 1673 2614 διαπτυχάς,

405 2628 506 2714 τῂν
530 2626 739 2701 ἡδονὴν
763 2626 928 2699 πρῶτ’
960 2626 1027 2685 οὐ
1053 2629 1234 2700 λόγοις
1260 2627 1570 2699 αἱρήσομαι.

408 2715 449 2769 ὦ
477 2715 709 2785 φιλτάτη
735 2738 825 2785 μοι
850 2711 1100 2786 σύγγον’,
1127 2714 1569 2785 ἐκπεπληγμένος
1795 2722 1875 2767 795

406 2796 552 2869 ὅμως
575 2797 627 2854 σ’
656 2796 866 2874 ἀπίστῳ
893 2797 1211 2870 περιβαλών
1233 2803 1487 2870 βραχίονι

407 2888 484 2948 είς
507 2885 702 2956 τέρψιν
730 2883 866 2955 εἶμι,
894 2883 1213 2955 πυθόμενος
1237 2879 1516 2954 θαυμάστ’
1549 2884 1686 2954 ἐμοί.
