2018 3117
76 2413 196 2461 ME.

751 81 1103 129 ΤΡΩΙΑΔΕΣ

264 223 325 273 αἳ
349 218 410 273 δὲ
438 221 669 291 ματέρας
697 221 932 293 γεραιάς.

266 300 329 357 τὰ
356 303 416 358 δὲ
445 302 513 358 σὰ
543 304 841 376 δροσόεντα
870 304 1075 378 λουτρὰ

263 393 584 458 γυμνασίων
608 411 666 443 τε
695 388 889 460 δρόμοι

264 477 481 542 βεβᾶσι·
515 470 584 527 σὺ
616 472 677 527 δὲ
705 473 969 544 πρόσωπα
998 497 1128 528 νεα-

262 553 330 625 ρὰ
359 554 540 626 χάρισι
566 555 713 627 παρὰ
739 555 875 621 Διὸς
900 557 1127 627 θρόνοις

264 640 634 710 καλλιγάλανα
657 642 898 712 τρέφεις·

265 723 541 795 Πριάμοιο
573 723 634 779 δὲ
659 737 822 795 γαῖαν

257 804 442 872 Ἑλλὰς
473 804 634 863 (ἔχω’
669 809 846 879 αἰχμά.

242 889 630 964 ”Ερως”Ερως,
664 889 723 956 ὃς
752 891 817 947 τὰ
847 902 1002 964 Λαρ-

258 976 448 1031 δάνεια
477 976 728 1048 μέλαθρά
758 974 879 1032 ποτ’
914 970 1083 1048 ἦλθες

260 1057 608 1132 οὐρανίδαισι
632 1062 812 1131 μέλων
828 1080 838 1089 ·

261 1141 333 1208 ὡς
361 1143 482 1200 τότε
509 1145 610 1215 μὲν
639 1146 885 1216 μεγάλως

268 1235 471 1300 Τροίαν
500 1228 849 1300 ἐπύργωσας,
881 1238 1098 1285 θεοῖσιν

257 1319 420 1384 κῆδος
446 1310 808 1385 ἀναψάμενος.
841 1313 898 1369 τὸ
929 1314 1030 1385 μὲν
1064 1305 1165 1370 οὖν
1190 1323 1327 1381 Διος

260 1396 442 1454 οὐκέτ’
478 1396 694 1465 ὅνειδος
728 1402 860 1469 ἐρῶ·

261 1481 320 1538 τὸ
346 1489 438 1547 τᾶς
469 1483 529 1538 δὲ
552 1485 919 1551 λευκοπτέρου

259 1564 460 1638 ἁμέρας
487 1573 676 1638 φίλιον
701 1573 917 1639 βροτοῖς

263 1653 465 1723 φέγγος
493 1648 656 1707 ὀλοὸν
686 1651 797 1707 εἶδε
821 1664 1000 1722 γαῖαν,

261 1734 371 1790 εἶδε
399 1735 694 1807 περγάμων
717 1734 972 1807 ὄλεθρον,

257 1819 581 1875 τεκνοποιὸν
613 1825 808 1890 ἔχουσα
832 1825 995 1876 τᾶσδε

257 1909 356 1973 γᾶς
386 1903 548 1959 πόσιν
578 1907 637 1958 έν
662 1904 948 1974 θαλάμοις,

259 1984 324 2042 ὃν
353 1984 597 2059 ἀστέρων
621 1989 922 2058 τέθριππος
945 1995 1071 2044 ἔλα-

256 2078 319 2142 βε
347 2071 577 2142 χρύσεος
604 2069 727 2143 ὄχος
755 2070 1088 2145 ἀναρπάσας,

257 2159 451 2211 ε’λπίδα
480 2163 550 2230 γᾷ
579 2163 781 2230 πατρίᾳ

261 2239 527 2310 μεγάλαν
559 2264 625 2296 τα
647 2247 799 2296 θεων
824 2242 885 2296 δε

259 2330 459 2397 φίλτρα
483 2329 703 2397 φροῦδα
736 2333 919 2399 Τροία.

258 2431 298 2462 ω
329 2409 689 2480 καλλιφεγγες
713 2407 875 2480 ἡλίου
900 2412 1057 2474 σέλας
1085 2410 1225 2479 τόδε,

258 2495 318 2546 ἐν
349 2493 390 2566 ᾧ
417 2492 664 2596 δάμαρτα
690 2493 791 2564 τὴν
816 2491 952 2564 ἐμὴν
974 2493 1303 2565 χειρώσομαι

263 2548 530 2648 ΓΕλένην·
572 2580 599 2633 ὁ
625 2600 730 2648 γαρ
758 2578 824 2647 δὴ
853 2580 1029 2632 πολλὰ
1053 2582 1338 2649 μοχθήσας
1365 2582 1471 2650 ἐγὼ

256 2658 546 2724 Μενέλαός
571 2664 680 2729 εἰμι
709 2660 801 2714 καὶ
826 2657 1117 2730 στράτευμ’
1145 2658 1436 2735 Ἀχαϊκόν]

257 2734 437 2813 ἦλθον
461 2742 522 2797 δε
552 2748 756 2814 Τροίαν
781 2766 882 2813 ουχ
906 2739 1039 2799 ὅσον
1064 2749 1297 2801 δοκοῦσι
1315 2770 1381 2817 με

1618 82 1719 134 373

1492 893 1604 952 ἀντ.
1636 909 1719 952 840

1633 1328 1716 1373 845

1633 1665 1716 1708 850

1633 2005 1717 2048 855

1633 2422 1721 2467 860

258 2824 522 2898 γυναικὸς
568 2831 714 2882 εἴνεκ
725 2823 904 2897 ’,ἀλλ’
933 2825 1019 2883 ἐπ’
1051 2826 1213 2902 ἄνδρ’
1242 2826 1301 2894 ὃς
1325 2833 1376 2897 ἐξ
1404 2832 1550 2901 ἐμῶν
1635 2842 1723 2886 865
