2018 3117
856 108 992 156 ΙΩΝ
1662 108 1757 160 137

306 244 338 303 ὃ
358 246 431 319 μὴ
460 249 672 319 γένοιτο
701 253 733 303 δ
742 245 775 318 '‚
805 257 858 304 εἴ
876 273 926 304 τι
951 249 1209 318 τυγχάνοι
1234 249 1423 319 κακόν,

238 320 272 400 ss
306 338 381 396 εἰς
408 329 604 403 ὄμματ’
637 328 804 388 εῧνου
838 330 1019 403 φωτὸς
1047 334 1309 403 ἐμβλέψαι
1337 334 1533 404 γλυκύ.

305 414 410 487 ἐγώ
439 419 503 471 δέ
523 413 595 485 σ’,
627 414 806 485 ὥσπερ
836 417 927 470 καὶ
951 413 1020 471 σὺ
1045 414 1236 487 πατέρ’
1265 417 1396 488 ε’μόν
1422 440 1569 488 ποτε,

305 498 550 556 δέσποιν’
580 497 722 571 ὅμως
744 492 866 554 οῧσ’
897 497 1238 572 ἀντικηδεύω
1268 502 1485 574 πατρός.

119 592 266 640 ΠΑΙ.
302 577 345 640 ὦ
368 584 640 656 θύγατερ,
669 581 770 650 ἄξι’
799 580 966 649 άξίων
989 584 1339 657 γεννητόρων
1678 600 1760 644 735

301 667 414 741 ἤθη
442 669 738 740 φυλάσσεις
762 665 864 723 κού
888 666 1276 739 καταισχύνασ’
1306 676 1442 740 ἔχεις

302 751 428 818 τοὺς
456 750 586 818 σούς
613 750 880 817 παλαιοὺς
908 752 1169 822 ἐκγόνους
1197 751 1556 824 αὐτόχθονας.

308 834 418 908 ἕλχ’
448 840 571 894 ἕλκε
595 835 730 907 πρὸς
754 838 1004 908 μέλαθρα
1029 839 1119 892 καὶ
1143 837 1329 908 κόμιζέ
1350 861 1431 909 με.

302 920 519 977 αἰπεινά
543 944 624 976 τοι
649 933 900 992 μαντεῖα·
927 926 1024 976 τοῦ
1050 922 1229 994 γήρως
1256 925 1320 977 δέ
1340 945 1431 993 μοι

301 1011 721 1062 συνεκπονοῦσα
746 1011 927 1060 κῶλον
953 1006 1134 1077 ἰατρὸς
1161 1013 1344 1076 γενοῦ.
1677 1020 1758 1065 740

116 1097 220 1146 KP.
295 1093 431 1146 ἕπου
457 1109 588 1145 νυν·
618 1099 763 1160 ἴχνος
790 1087 843 1144 δ’
873 1089 1175 1162 ἐκφύλασσ’
1206 1087 1346 1147 ὅπου
1373 1097 1549 1162 τίθης.

117 1182 264 1230 ΠΑΙ.
300 1174 442 1230 ἰδού.

223 1266 268 1335 κζ
302 1257 361 1315 τὸ
389 1264 488 1313 τοῦ
515 1257 682 1323 ποδὸς
708 1258 808 1329 μὲν
833 1259 1041 1330 βραδύ,
1071 1257 1130 1314 τὸ
1158 1264 1256 1314 τοῦ
1284 1260 1344 1314 δὲ
1370 1265 1472 1314 νοῦ
1498 1260 1648 1330 ταχύ.

123 1350 218 1401 KP.
296 1343 512 1416 βάκτρῳ
538 1340 589 1397 δ’
618 1345 833 1414 ἐρείδου
859 1349 1129 1414 περιφερῆ
1156 1349 1345 1414 στίβον
1368 1344 1586 1414 χθονός.

117 1435 262 1483 ΠΑΙ.
297 1428 388 1483 καὶ
412 1432 573 1482 τοῦτο
600 1426 839 1498 τυφλόν,
867 1424 997 1482 ὅταν
1023 1426 1128 1498 ἐγώ
1155 1430 1337 1499 βλέπω
1364 1428 1558 1499 βραχύ.

110 1518 219 1567 ΚΡ.
298 1509 482 1582 ὀρθῶς
510 1514 715 1576 ἔλεξας·
744 1508 880 1566 ἄλλα
904 1511 975 1583 μὴ
1003 1512 1169 1582 πάρες
1195 1512 1363 1585 κόπῳ.
1674 1526 1756 1571 745

110 1603 261 1652 ΠΑΙ.
297 1593 506 1651 οὔκουν
531 1594 672 1650 ἑκεόν
696 1614 781 1665 γε·
809 1602 908 1651 τοῦ
937 1593 989 1651 δ’
1021 1585 1567 1666 ἆπόντξ-(Ἡῗκρατῶ.

111 1687 217 1736 ΚΡ.
296 1692 582 1752 γυναῖκες,
611 1684 776 1735 ἱστῶν
801 1686 912 1736 τῶν
937 1684 1084 1752 ἐμῶν
1107 1682 1199 1735 καὶ
1223 1685 1474 1750 κερκίδος

306 1764 587 1834 δούλευμα
610 1764 831 1835 πιστόν,
858 1770 981 1820 τίνα
1006 1765 1175 1836 τύχην
1199 1763 1387 1836 λαβὼν
1413 1764 1569 1831 πόσις

297 1851 497 1920 βέβηκε
520 1853 736 1904 παίδων
761 1841 942 1921 ὦνπερ
987 1850 1154 1918 εἵνεχ’
1188 1846 1421 1921 ἥκομεν;

298 1930 565 2004 σημήνατ’
585 1952 595 1961 ·
625 1939 674 1988 εἰ
695 1931 798 2002 γὰρ
825 1930 1009 2004 ἀγαθά
1031 1957 1123 2005 μοι
1147 1934 1435 2005 μηνύσετε,
1677 1947 1759 1992 750

297 2014 398 2072 οὐκ
413 2022 487 2083 εἰς
506 2016 767 2083 ἀπίστους
783 2018 1046 2084 δεσπότας
1071 2025 1254 2090 βαλεῖς
1277 2019 1469 2090 χαράν.

110 2108 222 2156 ΧΟ.
293 2100 357 2157 ἰῶ
387 2106 600 2172 δαῖμον.

110 2192 216 2240 KP.
292 2184 352 2241 τὸ
380 2192 641 2258 φροίμιον
665 2186 766 2258 μὲν
791 2193 902 2242 τῶν
929 2187 1112 2259 λόγων
1137 2185 1240 2244 οὐκ
1268 2185 1507 2258 εὐτυχές.

107 2277 222 2324 XO.
294 2268 358 2325 ἰώ
384 2276 606 2342 τλᾶμον.

107 2359 214 2406 ΚΡ.
293 2351 412 2409 ἀλλ’
441 2349 475 2426 ἦ
502 2380 552 2410 τι
584 2355 913 2428 θεσφάτοισι
940 2361 1221 2413 δεσποτῶν
1245 2363 1390 2413 νοσῶ
1407 2383 1420 2423 ;
1676 2369 1756 2414 755

109 2445 222 2493 ΧΟ.
295 2438 431 2494 εἷεν·
458 2446 515 2495 τί
534 2445 780 2512 δρῶμεν,
808 2440 1049 2506 θάνατος
1077 2434 1155 2496 οἷν
1179 2454 1352 2497 κεῖται
1375 2442 1529 2511 πτέρις

109 2529 214 2576 KP.
291 2529 371 2588 τίς
395 2520 493 2593 ἥδε
515 2531 720 2595 μοῦσα,
745 2521 822 2595 χώ
851 2525 1022 2596 φόβος
1047 2532 1216 2581 τίνων
1243 2527 1401 2596 πέρι;

105 2614 221 2662 ΧΟ.
293 2614 532 2679 εἴπωμεν
559 2605 593 2680 ἢ
617 2615 888 2681 σιγῶμενς
914 2606 948 2681 ἢ
973 2616 1031 2664 τί
1048 2611 1351 2683 δράσομεν;

106 2697 215 2745 ΚΡ.
294 2687 408 2761 εἶφ’
427 2710 438 2720 ·
469 2688 540 2758 ὡς
566 2700 701 2764 ἔχεις
725 2716 788 2764 γε
815 2694 1109 2766 συμφοράν
1135 2692 1241 2751 τιν’
1275 2701 1350 2760 εἰς
1375 2697 1483 2766 ἐμέ.

107 2781 221 2830 ΧΟ.
292 2774 570 2843 εἰρήσεταί
588 2801 697 2846 τοι,
724 2783 812 2833 κεί
833 2787 1032 2834 θανεῖν
1055 2781 1235 2849 μέλλω
1262 2784 1444 2851 διπλῇ.
1673 2790 1754 2834 760
