2018 3117
227 85 333 138 424

232 897 340 946 XO.

848 79 1233 127 ΦΟΙΝΙΣΣΑΙ

419 227 628 300 μήποτε
657 228 902 294 ταφῆναι
926 224 1058 292 τῇδε
1089 223 1307 291 Θηβαίᾳ
1330 224 1522 289 χθονί·

421 310 691 381 θνήσκειν
716 306 778 362 δε
802 305 899 361 τὸν
925 303 1214 373 θάψαντα,
1234 297 1340 358 κᾶν
1364 307 1548 374 φίλων
1569 325 1648 368 τις
1673 292 1722 375 ᾗ.

421 397 507 451 σοὶ
536 416 637 465 μεν
660 388 782 447 τάδ’
811 391 987 445 αὐδῶ·
1025 387 1360 460 προσπόλοις
1385 383 1439 442 δ’
1469 389 1616 458 ἐμοῖς
1638 389 1807 460 λε’γω·

419 480 678 551 ἐκφέρετε
705 475 870 547 τεύχη
896 472 1150 530 πάνοπλά
1177 469 1226 527 τ’
1255 470 1665 544 ἀμφιβλήματα,

420 562 493 630 ὡς
518 568 595 627 εἰς
623 558 813 633 ἀγῶνα
837 559 934 616 τὸν
959 563 1329 631 προκείμενον
1354 555 1518 630 δορὸς
1815 568 1898 613 780

421 645 704 716 ὁρμώμεθ’
737 643 840 714 ἤδη
863 644 963 708 ξὺν
985 646 1106 713 δίκῃ
1128 642 1429 713 νικηφόρῳ.

415 732 482 798 τῇ
509 725 558 780 δ’
585 724 844 798 εὐλαβείᾳ
863 722 1242 794 χρησιμωτάτῃ
1263 727 1413 776 θεῶν

417 807 880 875 προσευχόμεσθα
907 809 1072 874 τήνδε
1093 804 1378 868 διασώζειν
1401 801 1579 856 πόλιν.

412 881 455 943 03
481 885 832 957 πολύμοχθος
845 882 1041 954 ’Ἁρης,
1068 888 1123 937 τί
1149 880 1283 938 ποθ’
1313 886 1499 952 αἵματι
1681 899 1795 952 στρ.

416 973 509 1028 καὶ
554 971 781 1045 θανάτῳ
829 971 1041 1039 κατέχει
1088 973 1336 1040 Βρομίου
1371 966 1723 1039 παράμουσος
1770 967 1894 1037 ἑορ-

984 1065 1129 1120 ταῑς;
1813 1063 1896 1107 785

421 1139 523 1197 οὐκ
551 1143 638 1196 ἐπὶ
666 1138 1010 1210 καλλιχόροις
1037 1136 1359 1210 στεφάνοισι
1387 1137 1640 1200 νεάνιδος
1669 1133 1812 1209 ὥρας

422 1227 731 1299 βόστρυχον
784 1223 1123 1295 ἀμπετάσας,
1183 1227 1363 1277 λωτοῦ
1418 1219 1555 1277 κατὰ
1612 1221 1898 1293 πνεύματα

994 1310 1188 1379 με’λπει

421 1403 666 1469 μοῦσαν,
693 1399 753 1452 ἐν
780 1387 814 1469 ᾇ
836 1395 1049 1466 χάριτες
1074 1394 1373 1465 χοροποιοί,

423 1479 561 1537 ἀλλὰ
588 1479 695 1537 σὺν
720 1476 1018 1554 ὁπλοφόρῳ
1035 1476 1270 1551 στρατὸν
1289 1475 1553 1550 Ἀργείων
1568 1475 1900 1541 ἐπιπνεύσας

427 1565 624 1641 ᾅσματι
650 1563 857 1637 Θήβαις
1816 1575 1900 1618 790

428 1659 616 1723 κῶμον
641 1649 1021 1706 ἀναυλότατον
1049 1647 1420 1721 προχορεύεις.

426 1735 549 1794 οὐδ’
581 1734 689 1792 ὑπὸ
716 1745 1066 1808 θυρσομανεῖ
1097 1738 1374 1807 νεβρίδων
1398 1735 1531 1805 με’τα
1558 1731 1815 1802 δινεύεις,

427 1821 629 1894 ἅρμασι
666 1823 757 1876 καὶ
791 1826 1008 1886 ψαλίοις
1047 1819 1411 1891 τετραβάμοσι
1437 1817 1665 1890 μῶνυχα
1696 1822 1902 1887 πῶλον,

420 1906 672 1979 Ἰσμηνοῦ
698 1903 747 1962 τ’
776 1907 865 1962 ἐπὶ
888 1905 1120 1977 χεύμασι
1144 1911 1359 1977 βαίνων

432 1999 700 2048 ίππειάισι
723 1991 966 2062 θοάζεις,
993 1989 1258 2063 Ἀργείοις
1298 1989 1631 2053 ἐπιπνεύσας

429 2086 689 2146 σπαρτῶν
736 2079 963 2148 γένναν,
1822 2085 1905 2130 795

429 2161 884 2233 ἀσπιδοφέρμονα
908 2167 1113 2217 θίασον
1140 2167 1402 2230 ἔνοπλον,

432 2245 734 2303 ἀντίπαλον
758 2244 894 2301 κατὰ
919 2246 1081 2302 λάινα
1106 2251 1283 2316 τείχεα

433 2337 616 2406 χαλκῷ
652 2330 944 2403 κοσμήσας.

433 2411 467 2491 ἦ
492 2416 649 2473 δεινά
680 2440 759 2481 τις
779 2414 933 2488 ’Έρις
958 2415 1116 2487 θεός,
1145 2412 1178 2470 ἂ
1203 2415 1333 2471 τάδε

430 2503 636 2575 μήσατο
663 2502 879 2573 πήματα
906 2507 1003 2572 γᾶς
1031 2506 1371 2571 βασιλεῦσιν,

431 2591 812 2660 Λαβδακίδαις
837 2586 1230 2657 πολυμόχθοις.
1820 2595 1908 2639 800

437 2665 480 2729 ὦ
506 2673 723 2740 ζαθέων
747 2672 1000 2727 πετάλων
1024 2670 1414 2744 πολυθηρότα-
1680 2663 1798 2726 cim.

760 2771 1021 2815 784—800
1040 2789 1109 2810 Ξ
1127 2769 1386 2816 801--817
