2018 3117
189 64 290 114 362

206 2080 319 2130 XO.

839 59 1189 107 ΤΡΩΙΑΔΕΣ

386 204 443 261 τὸ
474 209 731 260 λοίσθιον
756 200 818 256 δὲ
840 197 1075 271 θριγκὸς
1099 197 1316 254 ἀθλίων
1340 205 1544 270 κακῶν,

384 295 557 359 δούλη
582 284 725 359 γυνὴ
752 289 926 357 γραῦς
953 281 1168 338 Ἑλλάδ’
1199 287 1565 356 εἰσαφίξομαι,
1770 296 1855 340 490

383 371 417 429 ἃ
443 371 494 428 δ’
523 373 637 428 ἐστὶ
661 370 804 444 γήρα
827 365 959 444 τῷδ’
995 365 1453 441 ἀσυμφορώτατα,

383 458 598 522 τούτοις
622 478 688 527 με
714 453 1161 527 προσθήσουσιν,
1188 449 1222 524 ἢ
1247 458 1447 524 θυρῶν
1474 453 1665 525 λάτριν

383 545 586 614 κλῇδας
632 539 966 612 φυλάσσειν,
997 537 1098 610 τὴν
1121 543 1393 594 τεκοῦσαν
1414 534 1665 610 ”Εκτορα,

388 624 419 700 ἦ
444 639 773 696 σιτοποιεῖν,
799 621 904 680 κάν
927 624 1076 698 πέδῳ
1101 629 1286 688 κοίτας
1315 628 1459 694 ἔχειν

386 717 605 785 ῥυσοῖσι
628 711 824 775 νῶτοις
849 715 1154 781 βασιλικῶν
1180 712 1239 764 ἐκ
1264 713 1525 780 δεμνίων,
1772 720 1856 765 495

382 795 628 870 τρυχηρὰ
651 797 778 869 περὶ
803 792 1079 869 τρυχηρὸν
1112 796 1333 865 εἱμένην
1356 792 1492 866 χρόα

386 885 612 939 πέπλων
636 877 946 951 λακί’,σματ
974 877 1194 950 αδόκιμ’
1226 876 1433 950 ὀλβίοις
1457 884 1618 949 ἔχειν.

387 972 442 1024 οἳ
457 965 555 1039 ’γῶ
582 966 843 1036 τάλαινα,
874 962 966 1020 διὰ
990 965 1167 1036 γάμον
1196 970 1320 1035 μιᾶς
1347 965 1454 1034 άρα

384 1050 650 1125 γυναικὸς
674 1055 806 1107 οίων
832 1056 1027 1121 ε”τυχον
1052 1051 1131 1105 ῶν
1155 1072 1214 1105 τε
1237 1049 1509 1119 τεύξομαι.

389 1139 429 1192 ῶ
457 1140 680 1210 τέκνον,
709 1138 749 1190 ῶ
783 1135 1064 1206 σύμβακχε
1091 1134 1394 1206 Κασάνδρα
1418 1142 1591 1204 θεοῖς,
1776 1144 1861 1188 500

389 1226 528 1287 οἵαις
555 1227 752 1286 ἔλυσας
781 1232 1094 1291 συμφοραῖς
1121 1216 1371 1291 α’γνευμα
1394 1219 1511 1274 σόν.

387 1307 459 1363 σύ
486 1304 534 1362 τ’
566 1308 607 1362 ῶ
633 1306 880 1376 τάλαινα,
909 1310 1019 1360 ποῦ
1045 1301 1167 1360 ποτ’
1198 1304 1261 1375 εἶ,
1288 1306 1608 1374 Πολυξένη;

390 1389 463 1456 ῶς
487 1389 615 1448 οῦτε
640 1389 696 1462 μ’
726 1388 902 1463 άρσην
928 1386 1057 1446 οῦτε
1083 1389 1284 1461 θήλεια
1310 1408 1487 1461 σπορα

391 1483 612 1532 πολλῶν
638 1478 956 1547 γενομένων
980 1474 1081 1547 τὴν
1106 1475 1372 1531 τάλαιναν
1398 1471 1617 1545 ὠφελεῖ.
1861 1535 1865 1537 ,

390 1568 447 1617 τί
471 1562 611 1633 δῆτά
634 1559 692 1632 μ’
722 1558 957 1633 ὀρθοῦτ’
981 1587 994 1628 3
1021 1564 1263 1616 ἐλπίδων
1287 1567 1463 1616 ποίων
1487 1556 1628 1625 ῦπο;
1779 1570 1861 1613 505

388 1645 547 1719 ἄγετε
572 1645 670 1703 τὸν
694 1643 870 1718 ἁβρὸν
894 1642 1087 1717 δήποτ’
1118 1649 1178 1701 ἐν
1211 1651 1378 1719 Τροίᾳ
1404 1643 1564 1714 πόδα,

390 1739 500 1788 νῦν
527 1729 581 1788 δ’
611 1729 750 1787 ὄντα
775 1736 1008 1800 δοῦλον,
1036 1730 1267 1803 στιβάδα
1291 1728 1428 1802 πρὸς
1450 1732 1754 1800 χαμαιπετῆ

391 1817 621 1889 πέτρινά
643 1840 701 1872 τε
725 1813 1014 1888 κρήδεμν’,
1043 1812 1115 1880 ῶς
1140 1812 1375 1872 πεσοῦσ’
1405 1811 1723 1885 ἀποφθαρῶ

391 1902 654 1973 δακρύοις
679 1904 1101 1968 καταξανθεῖσα.
1126 1906 1237 1956 τῶν
1263 1897 1315 1956 δ’
1347 1896 1695 1970 εὐδαιμόνων

393 1989 604 2058 μηδένα
633 1983 872 2058 νομίζετ’
905 1984 1160 2058 εὐτυχεῖν
1185 1988 1318 2058 πρὶν
1349 1981 1418 2040 ἂν
1441 1983 1606 2057 θάνῃ.
1782 1996 1866 2038 510

391 2069 538 2142 ἀμφί
555 2095 646 2143 μοι
663 2069 860 2141 Ἴλιον,
888 2073 928 2126 ῶ
1642 2087 1757 2139 στρ.

391 2162 626 2226 Μοῦσα,
653 2162 864 2211 καινῶν
891 2153 1087 2226 ῦμνων

394 2239 581 2297 ἄεισον
606 2244 666 2297 ἐν
691 2240 956 2311 δακρύοις

398 2323 551 2402 ςόδάν
577 2325 923 2397 ἐπικήδειον·

393 2417 501 2468 νῦν
526 2409 631 2483 γὰρ
660 2413 820 2483 μέλος
846 2415 921 2475 εἰς
953 2415 1159 2481 Τροίαν
1783 2421 1864 2464 515

397 2495 620 2567 ἰαχήσω,

395 2581 798 2652 τετραβάμονος
826 2579 897 2646 ῶς
925 2577 1025 2636 ὑπ’
1056 2575 1269 2651 ἀπήνας

390 2664 657 2736 Ἀργείων
682 2663 889 2737 ὀλόμαν
913 2665 1143 2720 τάλαινα
1171 2663 1520 2734 δοριάλωτος,

401 2747 429 2765 “”
467 2747 480 2768 ’
511 2755 742 2806 ἔλιπον
729 2755 898 2806 ι’ππον
923 2747 1158 2821 οὐράνια

730 2854 811 2894 511
829 2852 992 2895 —530
1011 2867 1081 2888 Ξ
1099 2850 1178 2894 531
1199 2870 1257 2877 -
1274 2851 1359 2893 550
