2018 3117
87 579 193 627 ΑΘ.

415 98 447 142 Ι
450 97 790 142 ΦΙΓΕΝΕΙΑ
814 102 888 147 -Η
918 103 1018 148 EN
1054 105 1349 152 ΤΑΥΡΟΙΣ
1628 108 1724 159 107

237 230 509 315 ῥίψωμεν,
523 224 565 312 ἢ
584 230 816 294 σκόλοψι
840 231 1094 301 πήξωμεν
1115 236 1294 302 δέμας.
1620 253 1728 296 1430

237 294 378 365 ὑμᾶς
398 297 456 350 δὲ
477 295 591 369 τὰς
589 296 755 353 τῶνδ’
748 306 1000 388 ἴστορας
1032 305 1429 388 βουλευμάτων

235 376 499 449 γυναῖκας
518 360 711 437 αὖθις,
734 366 881 437 ἡνίκ’
906 368 976 423 ἄν
997 371 1199 440 σχολὴν
1219 372 1386 443 λάβω,

235 435 673 518 ποινασόμεσθα
704 443 813 490 νῦν
833 438 891 491 δε
912 437 1012 508 τὴν
1033 445 1404 524 προκειμένην

234 501 523 572 σπουδὴν’
503 509 716 590 έχοντες
742 504 808 560 ού
829 513 1107 576 μενοῦμεν
1127 508 1338 596 ήσυχοι.

234 584 332 626 ποῖ
347 584 443 626 ποῖ
447 573 708 656 διωγμὸν
728 576 889 629 τόνδε
910 579 1271 649 πορθμεύεις,
1293 579 1426 646 άναξ
1618 596 1725 640 1435

235 641 404 705 Θόας·
392 684 404 707 ,
427 640 671 696 άκουσον
690 642 845 713 τῆσδ’
861 643 1168 732 Ἀθηναίας
1188 650 1403 717 λόγους.

235 717 440 764 παῦσαι
462 714 728 766 διώκων
699 714 872 783 ρεῦμά
894 713 942 768 τ’
967 718 1212 785 ἐξορμῶν
1233 726 1494 789 στρατοῦ·

234 782 587 868 πεπρωμένος
608 781 710 850 γὰρ
731 784 1059 852 θεσφάτοισι
1081 791 1282 850 Λοξίου

234 847 391 914 δεῦρ’
412 847 544 935 ἦλθ’
570 848 818 938 Ὀρέστης
833 894 846 917 ,
869 854 967 906 τόν
987 853 1034 908 τ’
1057 853 1321 922 ’κΕρινύων
1341 859 1507 926 χόλον

233 919 459 1005 φεύγων
481 917 720 1005 ἀδελφῆς
751 944 778 973 τ
787 919 1015 1010 ”Ἁργός
1046 927 1357 994 εἰσπέμψων
1379 930 1542 997 δέμας
1616 942 1723 985 1440

232 987 446 1076 ἄγαλμά
464 986 526 1041 θ’
550 987 699 1054 ἱερὸν
721 995 795 1053 εἰς
815 993 950 1061 ἐμὴν
971 991 1115 1057 άξων
1135 995 1330 1084 χθόνα.

230 1055 367 1126 πρὸς
387 1078 486 1143 μεν
507 1055 557 1110 σ’
581 1057 668 1112 δ’δ’
694 1056 823 1128 ἡμῖν
844 1070 1049 1130 μῦθος·
1073 1061 1139 1116 δν
1166 1062 1218 1118 δ’
1243 1063 1567 1121 ἀποκτενεῖν

230 1128 408 1189 δοκεις
429 1125 684 1195 Ὀρέστην
706 1135 907 1219 ποντίῳ
926 1131 1115 1217 λαβὼν
1136 1135 1299 1207 σάλω,

232 1192 337 1278 ἤδη
357 1200 644 1249 Ποσειδῶν
664 1198 824 1266 χάριν
845 1188 980 1269 ἐμὴν
1000 1191 1258 1271 ἀκύμονα

228 1263 436 1317 πόντου
457 1270 641 1351 τίθησι
662 1288 806 1320 νωτα
828 1253 1166 1354 πορθμεύων
1186 1275 1377 1359 πλάτῃ.
1611 1288 1718 1330 1445

228 1330 426 1417 μαθων
446 1332 519 1417 δ’,
543 1332 786 1405 Ὀρέστα,
810 1336 904 1401 τὰς
923 1338 1051 1425 ἐμὰς
1073 1342 1373 1425 ἐπιστολάς,

229 1402 415 1466 κλύεις
434 1376 537 1471 γὰρ
561 1403 739 1488 αὐδήν
761 1411 951 1475 καίπερ
974 1407 1041 1462 οὐ
1064 1431 1255 1477 παρων
1273 1419 1423 1495 θεᾶς,

227 1470 390 1556 χώρει
411 1472 596 1559 λαβων
617 1471 830 1543 άγαλμα
853 1477 1063 1546 σύγγον
1067 1480 1132 1532 όν
1154 1501 1209 1532 τε
1231 1481 1350 1548 σήν.

230 1539 362 1593 ὅταν
384 1538 436 1593 δ’
467 1540 702 1629 Ἀθήνας
723 1544 815 1606 τὰς
834 1551 1178 1636 θεοδμήτους
1199 1551 1383 1633 μόλῃς,

223 1609 398 1697 χῶρός
417 1631 496 1674 τις
516 1613 662 1665 ἔστιν
675 1610 919 1678 Ἀτθίδος
936 1618 1072 1683 πρὸς
1092 1620 1331 1686 ἐσχάτοις
1607 1634 1717 1676 1450

225 1677 433 1763 οροισι,
456 1685 650 1748 γείτων
670 1683 921 1747 δειράδος
939 1692 1270 1772 Καρυστίας,

224 1747 368 1816 ιερός
383 1791 396 1816 ,
409 1750 570 1813 Ἀλάς
592 1773 681 1804 νιν
701 1750 871 1836 ουμός
893 1751 1144 1823 ὀνομάζει
1164 1759 1326 1821 λεώς·

228 1818 471 1872 ἐνταῦθα
492 1820 680 1884 τεύξας
700 1820 838 1874 ναὸν
855 1826 1076 1892 ιδρυσαι
1098 1827 1306 1895 βρέτας,

229 1886 522 1970 ἐπώνυμον
543 1897 638 1957 γῆς
663 1896 934 1961 Ταυρικῆς
955 1894 1144 1947 πόνων
1166 1918 1223 1949 τε
1244 1904 1373 1966 σων,

223 1952 321 2018 οὓς
343 1958 652 2043 ἐξεμόχθεις
672 1968 985 2019 περιπολων
1005 1962 1137 2018 καθ’
1157 1940 1384 2020 Ἑλλάδα
1606 1981 1713 2024 1455

224 2031 461 2110 οἰστροις
476 2024 757 2093 Ἐρινύων
820 2037 1040 2100 ίρτεμιν
1061 2034 1125 2086 δέ
1144 2056 1234 2088 νιν
1257 2039 1442 2104 βροτοι

221 2091 279 2146 τὸ
301 2093 498 2150 λοιπὸν
518 2099 844 2184 ὑμνήσουσι
857 2102 1216 2169 Ταυροπόλον
1235 2105 1391 2158 θεάν.

220 2162 395 2232 νόμον
415 2186 471 2218 τε
491 2167 588 2229 θες
607 2165 787 2220 τόνδ’·
812 2167 945 2222 ὅταν
967 2173 1187 2243 ἑορτάζῃ
1210 2173 1361 2245 λεω’ς,

220 2240 313 2300 τῆς
335 2238 430 2302 σῆς
453 2243 664 2322 σφαγῆς
685 2234 869 2291 άποιν’
871 2241 1151 2326 ἐπισχέτω
1174 2247 1328 2312 ξίφος

220 2303 350 2390 δέρῃ
374 2302 509 2370 πρὸς
530 2303 732 2372 ἀνδρὸς
736 2303 881 2392 αἷμά
902 2331 930 2362 τ
940 2306 1246 2394 ’ἐξανιέτω,
1602 2328 1711 2371 1460

218 2376 371 2434 οσίας
393 2373 542 2427 ἕκατι
561 2376 667 2428 θεά
687 2373 748 2457 θ’
774 2374 922 2440 όπως
940 2379 1095 2447 τιμὰς
1115 2384 1221 2451 ἔχῃ.

219 2440 277 2491 σε
298 2437 350 2492 δ’
375 2438 513 2510 ἀμφὶ
537 2444 762 2513 σεμνάς,
780 2443 1091 2517 Ἰφιγένεια,
1116 2455 1376 2519 κλίμακας

218 2514 576 2600 Βραυρωνίας
596 2517 628 2567 δ
633 2525 682 2567 ει
702 2519 864 2583 τῆσδε
885 2520 1209 2587 κλῃδουχειν
1226 2527 1387 2584 θεᾶς·

220 2586 286 2629 οὑ
307 2581 394 2632 καὶ
412 2582 642 2645 τεθάψει
661 2591 1041 2654 κατθανοῦσα,
1065 2610 1153 2641 και
1174 2591 1394 2644 πέπλων

218 2642 433 2729 ἅγαλμά
452 2665 537 2704 σοι
557 2652 834 2720 θήσουσιν
857 2657 1132 2724 εὐπήνους
1151 2655 1314 2728 ὑφάς,
1598 2672 1705 2716 1465

218 2709 281 2776 ἃς
299 2736 368 2768 αν
388 2730 642 2802 γυναῖκες
665 2723 724 2774 ἐν
742 2723 923 2788 τόκοις
943 2735 1308 2814 ψυχορραγεῖς

219 2782 441 2837 λείπωσ’
467 2788 527 2840 ἐν
546 2795 730 2854 οἰ’.κοις
751 2792 914 2846 τάσδε
935 2791 987 2847 δ’
1014 2796 1305 2864 ἐκπέμπειν
1323 2796 1526 2863 χθονὸς
