<?xml version="1.0" encoding="UTF-8"?>
<!DOCTYPE html PUBLIC "-//W3C//DTD XHTML 1.0 Transitional//EN"
    "http://www.w3.org/TR/xhtml1/DTD/xhtml1-transitional.dtd">
<html xmlns="http://www.w3.org/1999/xhtml" xml:lang="en" lang="en">
 <head>
  <title>
</title>
<meta http-equiv="Content-Type" content="text/html;charset=utf-8" />
  <meta name='ocr-system' content='tesseract 3.04.00' />
  <meta name='ocr-capabilities' content='ocr_page ocr_carea ocr_par ocr_line ocrx_word'/>
</head>
<body>
  <div class='ocr_page' id='page_1' title='image "./euripidistragoe02euriuoft_0071.png"; bbox 0 0 2018 3117; ppageno 0'>
   <div class='ocr_carea' id='block_1_1' title="bbox 108 255 230 303">
    <p class='ocr_par' dir='ltr' id='par_1_1' title="bbox 108 255 230 303">
     <span class='ocr_line' id='line_1_1' title="bbox 108 255 230 303; baseline -0.016 0"><span class='ocrx_word' id='word_1_1' title='bbox 108 255 230 303; x_wconf 83' lang='lat' dir='ltr'><em>ME.</em></span> 
     </span>
    </p>
   </div>
   <div class='ocr_carea' id='block_1_2' title="bbox 492 109 1755 162">
    <p class='ocr_par' dir='ltr' id='par_1_2' title="bbox 492 109 1755 162">
     <span class='ocr_line' id='line_1_2' title="bbox 492 109 1755 162; baseline 0.006 -8"><span class='ocrx_word' id='word_1_2' title='bbox 492 109 867 156; x_wconf 86' lang='grc' dir='ltr'><em>ΙΦΙΓΕΝΕΙΑ</em></span> <span class='ocrx_word' id='word_1_3' title='bbox 899 111 959 156; x_wconf 88' lang='grc' dir='ltr'><em>Η</em></span> <span class='ocrx_word' id='word_1_4' title='bbox 981 112 1078 157; x_wconf 87' lang='grc' dir='ltr'><em>ΕΝ</em></span> <span class='ocrx_word' id='word_1_5' title='bbox 1112 111 1367 156; x_wconf 77' lang='grc' dir='ltr'><em>ΛΤΛΙΔΙ</em></span> <span class='ocrx_word' id='word_1_6' title='bbox 1690 110 1755 162; x_wconf 76' lang='lat'><em>21</em></span> 
     </span>
    </p>
   </div>
   <div class='ocr_carea' id='block_1_3' title="bbox 301 244 1653 321">
    <p class='ocr_par' dir='ltr' id='par_1_3' title="bbox 301 244 1653 321">
     <span class='ocr_line' id='line_1_3' title="bbox 301 244 1653 321; baseline -0.001 -14"><span class='ocrx_word' id='word_1_7' title='bbox 301 244 335 302; x_wconf 65' lang='grc' dir='ltr'><em>ὃ</em></span> <span class='ocrx_word' id='word_1_8' title='bbox 373 247 444 318; x_wconf 82' lang='grc' dir='ltr'><em>μὴ</em></span> <span class='ocrx_word' id='word_1_9' title='bbox 483 249 553 302; x_wconf 77' lang='grc' dir='ltr'>σύ</span> <span class='ocrx_word' id='word_1_10' title='bbox 595 248 846 319; x_wconf 83' lang='grc' dir='ltr'><em>φράζεις,</em></span> <span class='ocrx_word' id='word_1_11' title='bbox 877 254 990 312; x_wconf 74' lang='grc' dir='ltr'><em>πῶς</em></span> <span class='ocrx_word' id='word_1_12' title='bbox 1019 250 1089 303; x_wconf 75' lang='grc' dir='ltr'><em>ἄν</em></span> <span class='ocrx_word' id='word_1_13' title='bbox 1125 252 1458 321; x_wconf 77' lang='grc' dir='ltr'><em>ὑπολάβοιμ’</em></span> <span class='ocrx_word' id='word_1_14' title='bbox 1499 257 1653 318; x_wconf 83' lang='grc' dir='ltr'><em>ἔπος;</em></span> 
     </span>
    </p>
   </div>
   <div class='ocr_carea' id='block_1_4' title="bbox 103 329 1480 403">
    <p class='ocr_par' dir='ltr' id='par_1_4' title="bbox 103 329 1480 403">
     <span class='ocr_line' id='line_1_4' title="bbox 103 329 1480 403; baseline 0 -16"><span class='ocrx_word' id='word_1_15' title='bbox 103 338 270 387; x_wconf 91' lang='grc' dir='ltr'><em>ΛΓΛ.</em></span> <span class='ocrx_word' id='word_1_16' title='bbox 297 329 356 386; x_wconf 87' lang='grc' dir='ltr'><em>τὸ</em></span> <span class='ocrx_word' id='word_1_17' title='bbox 384 330 695 402; x_wconf 87' lang='grc' dir='ltr'><em>Σισύφειον</em></span> <span class='ocrx_word' id='word_1_18' title='bbox 722 334 933 403; x_wconf 83' lang='grc' dir='ltr'><em>σπέρμα</em></span> <span class='ocrx_word' id='word_1_19' title='bbox 961 329 1124 387; x_wconf 83' lang='grc' dir='ltr'><em>πάντ’</em></span> <span class='ocrx_word' id='word_1_20' title='bbox 1154 332 1309 387; x_wconf 81' lang='grc' dir='ltr'><em>οἶδεν</em></span> <span class='ocrx_word' id='word_1_21' title='bbox 1332 332 1480 388; x_wconf 84' lang='grc' dir='ltr'><em>τάδε.</em></span> 
     </span>
    </p>
   </div>
   <div class='ocr_carea' id='block_1_5' title="bbox 105 423 230 471">
    <p class='ocr_par' dir='ltr' id='par_1_5' title="bbox 105 423 230 471">
     <span class='ocr_line' id='line_1_5' title="bbox 105 423 230 471; baseline -0.008 0"><span class='ocrx_word' id='word_1_22' title='bbox 105 423 230 471; x_wconf 87' lang='lat' dir='ltr'><em>ME.</em></span> 
     </span>
    </p>
   </div>
   <div class='ocr_carea' id='block_1_6' title="bbox 301 411 1756 488">
    <p class='ocr_par' dir='ltr' id='par_1_6' title="bbox 301 411 1756 488">
     <span class='ocr_line' id='line_1_6' title="bbox 301 411 1756 488; baseline 0.003 -18"><span class='ocrx_word' id='word_1_23' title='bbox 301 411 403 471; x_wconf 88' lang='grc' dir='ltr'><em>οὑκ</em></span> <span class='ocrx_word' id='word_1_24' title='bbox 431 413 541 471; x_wconf 82' lang='grc' dir='ltr'><em>ἔστ’</em></span> <span class='ocrx_word' id='word_1_25' title='bbox 566 413 861 480; x_wconf 75' lang='grc' dir='ltr'><em>Ὀδυσσεὺς</em></span> <span class='ocrx_word' id='word_1_26' title='bbox 887 412 919 470; x_wconf 74' lang='grc' dir='ltr'>ὅ</span> <span class='ocrx_word' id='word_1_27' title='bbox 945 440 995 470; x_wconf 90' lang='grc' dir='ltr'><em>τι</em></span> <span class='ocrx_word' id='word_1_28' title='bbox 1022 416 1081 471; x_wconf 76' lang='grc' dir='ltr'><em>σὲ</em></span> <span class='ocrx_word' id='word_1_29' title='bbox 1107 414 1242 486; x_wconf 69' lang='grc' dir='ltr'><em>κάμε</em></span> <span class='ocrx_word' id='word_1_30' title='bbox 1267 429 1520 488; x_wconf 77' lang='grc' dir='ltr'><em>πημανεῖ.</em></span> <span class='ocrx_word' id='word_1_31' title='bbox 1673 431 1756 474; x_wconf 81' lang='lat'><em>525</em></span> 
     </span>
    </p>
   </div>
   <div class='ocr_carea' id='block_1_7' title="bbox 101 497 1586 740">
    <p class='ocr_par' dir='ltr' id='par_1_7' title="bbox 101 497 1586 740">
     <span class='ocr_line' id='line_1_7' title="bbox 101 497 1459 572; baseline -0.001 -17"><span class='ocrx_word' id='word_1_32' title='bbox 101 506 267 555; x_wconf 90' lang='grc' dir='ltr'><em>ΛΓΛ.</em></span> <span class='ocrx_word' id='word_1_33' title='bbox 298 506 542 565; x_wconf 75' lang='grc' dir='ltr'><em>ποικίλος</em></span> <span class='ocrx_word' id='word_1_34' title='bbox 567 497 652 555; x_wconf 80' lang='grc' dir='ltr'><em>ἀεὶ</em></span> <span class='ocrx_word' id='word_1_35' title='bbox 675 502 891 571; x_wconf 86' lang='grc' dir='ltr'><em>πέφυκε</em></span> <span class='ocrx_word' id='word_1_36' title='bbox 917 507 1014 554; x_wconf 85' lang='grc' dir='ltr'><em>τοῦ</em></span> <span class='ocrx_word' id='word_1_37' title='bbox 1041 497 1090 554; x_wconf 82' lang='grc' dir='ltr'><em>τ’</em></span> <span class='ocrx_word' id='word_1_38' title='bbox 1121 499 1286 571; x_wconf 76' lang='grc' dir='ltr'><em>ὄχλου</em></span> <span class='ocrx_word' id='word_1_39' title='bbox 1311 503 1459 572; x_wconf 85' lang='grc' dir='ltr'><em>μέτα.</em></span> 
     </span>
     <span class='ocr_line' id='line_1_8' title="bbox 102 585 1390 660; baseline 0 -21"><span class='ocrx_word' id='word_1_40' title='bbox 102 591 229 640; x_wconf 81' lang='lat' dir='ltr'><em>ME.</em></span> <span class='ocrx_word' id='word_1_41' title='bbox 301 590 582 657; x_wconf 73' lang='grc' dir='ltr'><em>φιλοτιμίᾳ</em></span> <span class='ocrx_word' id='word_1_42' title='bbox 606 585 707 655; x_wconf 76' lang='grc' dir='ltr'><em>μὲν</em></span> <span class='ocrx_word' id='word_1_43' title='bbox 734 586 1000 654; x_wconf 85' lang='grc' dir='ltr'><em>ἐνέχεται,</em></span> <span class='ocrx_word' id='word_1_44' title='bbox 1029 589 1194 659; x_wconf 78' lang='grc' dir='ltr'><em>δεινῷ</em></span> <span class='ocrx_word' id='word_1_45' title='bbox 1220 591 1390 660; x_wconf 74' lang='grc' dir='ltr'><em>κακῷ.</em></span> 
     </span>
     <span class='ocr_line' id='line_1_9' title="bbox 102 664 1586 740; baseline 0.002 -17"><span class='ocrx_word' id='word_1_46' title='bbox 102 674 266 724; x_wconf 86' lang='grc' dir='ltr'><em>ΑΓΛ.</em></span> <span class='ocrx_word' id='word_1_47' title='bbox 296 664 505 725; x_wconf 87' lang='grc' dir='ltr'><em>οὑκοῦν</em></span> <span class='ocrx_word' id='word_1_48' title='bbox 530 668 681 724; x_wconf 86' lang='grc' dir='ltr'><em>δόκει</em></span> <span class='ocrx_word' id='word_1_49' title='bbox 704 691 796 723; x_wconf 93' lang='grc' dir='ltr'><em>νιν</em></span> <span class='ocrx_word' id='word_1_50' title='bbox 821 666 1004 724; x_wconf 80' lang='grc' dir='ltr'>στάντ’</span> <span class='ocrx_word' id='word_1_51' title='bbox 1037 671 1096 723; x_wconf 87' lang='grc' dir='ltr'><em>ἐν</em></span> <span class='ocrx_word' id='word_1_52' title='bbox 1117 667 1379 740; x_wconf 81' lang='grc' dir='ltr'><em>Ἀργειόις</em></span> <span class='ocrx_word' id='word_1_53' title='bbox 1404 672 1586 740; x_wconf 77' lang='grc' dir='ltr'><em>μέσοις</em></span> 
     </span>
    </p>
   </div>
   <div class='ocr_carea' id='block_1_8' title="bbox 93 1941 206 1991">
    <p class='ocr_par' dir='ltr' id='par_1_8' title="bbox 93 1941 206 1991">
     <span class='ocr_line' id='line_1_10' title="bbox 93 1941 206 1991; baseline 0 0"><span class='ocrx_word' id='word_1_54' title='bbox 93 1941 206 1991; x_wconf 87' lang='grc' dir='ltr'><em>ΧΟ.</em></span> 
     </span>
    </p>
   </div>
   <div class='ocr_carea' id='block_1_9' title="bbox 269 750 1755 2925">
    <p class='ocr_par' dir='ltr' id='par_1_9' title="bbox 269 750 1755 2925">
     <span class='ocr_line' id='line_1_11' title="bbox 287 750 1367 825; baseline 0.002 -19"><span class='ocrx_word' id='word_1_55' title='bbox 287 751 510 818; x_wconf 78' lang='grc' dir='ltr'><em>λέξειν</em></span> <span class='ocrx_word' id='word_1_56' title='bbox 488 753 522 807; x_wconf 80' lang='grc' dir='ltr'><em>ά</em></span> <span class='ocrx_word' id='word_1_57' title='bbox 546 753 763 822; x_wconf 87' lang='grc' dir='ltr'><em>Κάλχας</em></span> <span class='ocrx_word' id='word_1_58' title='bbox 787 750 1024 823; x_wconf 32' lang='grc' dir='ltr'><em>θεησφατ</em></span> <span class='ocrx_word' id='word_1_59' title='bbox 1057 752 1367 825; x_wconf 82' lang='grc' dir='ltr'><em>εξηγήσατο,</em></span> 
     </span>
     <span class='ocr_line' id='line_1_12' title="bbox 288 833 1755 909; baseline 0.003 -17"><span class='ocrx_word' id='word_1_60' title='bbox 288 833 418 907; x_wconf 77' lang='grc' dir='ltr'><em>κάμ’</em></span> <span class='ocrx_word' id='word_1_61' title='bbox 448 860 520 902; x_wconf 91' lang='grc' dir='ltr'><em>ως</em></span> <span class='ocrx_word' id='word_1_62' title='bbox 545 834 789 907; x_wconf 80' lang='grc' dir='ltr'><em>ὑπέστην</em></span> <span class='ocrx_word' id='word_1_63' title='bbox 813 844 969 908; x_wconf 81' lang='grc' dir='ltr'><em>θῦμα</em></span> <span class='ocrx_word' id='word_1_64' title='bbox 998 838 1136 892; x_wconf 85' lang='grc' dir='ltr'><em>κάτα</em></span> <span class='ocrx_word' id='word_1_65' title='bbox 1161 837 1455 909; x_wconf 77' lang='grc' dir='ltr'><em>ψεύδομαι,</em></span> <span class='ocrx_word' id='word_1_66' title='bbox 1670 854 1755 897; x_wconf 76' lang='lat'><em>530</em></span> 
     </span>
     <span class='ocr_line' id='line_1_13' title="bbox 283 896 1549 994; baseline 0.002 -17.013"><span class='ocrx_word' id='word_1_67' title='bbox 283 918 555 992; x_wconf 81' lang='grc' dir='ltr'><em>Ἀρτέμιδι</em></span> <span class='ocrx_word' id='word_1_68' title='bbox 579 920 809 977; x_wconf 79' lang='grc' dir='ltr'><em>θύσειν·</em></span> <span class='ocrx_word' id='word_1_69' title='bbox 828 915 907 989; x_wconf 84' lang='grc' dir='ltr'><em>οἷς</em></span> <span class='ocrx_word' id='word_1_70' title='bbox 921 896 1271 994; x_wconf 75' lang='grc' dir='ltr'><em>ξυναρπάσας</em></span> <span class='ocrx_word' id='word_1_71' title='bbox 1296 923 1549 994; x_wconf 89' lang='grc' dir='ltr'><em>στρατόν,</em></span> 
     </span>
     <span class='ocr_line' id='line_1_14' title="bbox 288 1002 1460 1077; baseline 0.001 -16"><span class='ocrx_word' id='word_1_72' title='bbox 288 1007 347 1062; x_wconf 75' lang='grc' dir='ltr'><em>σὲ</em></span> <span class='ocrx_word' id='word_1_73' title='bbox 371 1002 499 1076; x_wconf 76' lang='grc' dir='ltr'><em>κάμ’</em></span> <span class='ocrx_word' id='word_1_74' title='bbox 530 1003 959 1072; x_wconf 77' lang='grc' dir='ltr'><em>ἀποκτείναντας</em></span> <span class='ocrx_word' id='word_1_75' title='bbox 979 1003 1259 1077; x_wconf 73' lang='grc' dir='ltr'><em>Ἀργείους</em></span> <span class='ocrx_word' id='word_1_76' title='bbox 1285 1006 1460 1077; x_wconf 87' lang='grc' dir='ltr'><em>κόρην</em></span> 
     </span>
     <span class='ocr_line' id='line_1_15' title="bbox 288 1085 1559 1163; baseline 0.002 -17"><span class='ocrx_word' id='word_1_77' title='bbox 288 1089 489 1162; x_wconf 78' lang='grc' dir='ltr'><em>σφάξαι</em></span> <span class='ocrx_word' id='word_1_78' title='bbox 513 1090 780 1147; x_wconf 78' lang='grc' dir='ltr'><em>κελεύσει.</em></span> <span class='ocrx_word' id='word_1_79' title='bbox 810 1085 915 1146; x_wconf 73' lang='grc' dir='ltr'><em>κᾶν</em></span> <span class='ocrx_word' id='word_1_80' title='bbox 942 1089 1286 1163; x_wconf 81' lang='grc' dir='ltr'><em>πρὸς”Λργος</em></span> <span class='ocrx_word' id='word_1_81' title='bbox 1314 1091 1559 1163; x_wconf 88' lang='grc' dir='ltr'><em>ἐκφύγω,</em></span> 
     </span>
     <span class='ocr_line' id='line_1_16' title="bbox 287 1172 1391 1246; baseline 0 -16"><span class='ocrx_word' id='word_1_82' title='bbox 287 1175 544 1239; x_wconf 82' lang='grc' dir='ltr'><em>ἐλθόντες</em></span> <span class='ocrx_word' id='word_1_83' title='bbox 571 1172 755 1241; x_wconf 83' lang='grc' dir='ltr'><em>αὑτοῖς</em></span> <span class='ocrx_word' id='word_1_84' title='bbox 782 1180 1015 1246; x_wconf 88' lang='grc' dir='ltr'><em>τείχεσιν</em></span> <span class='ocrx_word' id='word_1_85' title='bbox 1038 1182 1391 1241; x_wconf 85' lang='grc' dir='ltr'><em>Κυκλωπίοις</em></span> 
     </span>
     <span class='ocr_line' id='line_1_17' title="bbox 287 1258 1749 1331; baseline 0.003 -18"><span class='ocrx_word' id='word_1_86' title='bbox 287 1258 698 1329; x_wconf 83' lang='grc' dir='ltr'><em>ξυναρπάσουσι</em></span> <span class='ocrx_word' id='word_1_87' title='bbox 723 1260 814 1315; x_wconf 82' lang='grc' dir='ltr'><em>καὶ</em></span> <span class='ocrx_word' id='word_1_88' title='bbox 842 1260 1255 1325; x_wconf 84' lang='grc' dir='ltr'><em>κατασκάψουσι</em></span> <span class='ocrx_word' id='word_1_89' title='bbox 1281 1267 1402 1331; x_wconf 79' lang='grc' dir='ltr'><em>γῆν.</em></span> <span class='ocrx_word' id='word_1_90' title='bbox 1671 1276 1749 1320; x_wconf 74' lang='lat'><em>535</em></span> 
     </span>
     <span class='ocr_line' id='line_1_18' title="bbox 289 1341 1344 1416; baseline 0.001 -18"><span class='ocrx_word' id='word_1_91' title='bbox 289 1347 513 1398; x_wconf 83' lang='grc' dir='ltr'><em>τοιαῦτα</em></span> <span class='ocrx_word' id='word_1_92' title='bbox 539 1341 679 1415; x_wconf 81' lang='grc' dir='ltr'><em>τάμα</em></span> <span class='ocrx_word' id='word_1_93' title='bbox 705 1341 908 1416; x_wconf 81' lang='grc' dir='ltr'><em>πήματ’</em></span> <span class='ocrx_word' id='word_1_94' title='bbox 918 1389 927 1398; x_wconf 95' lang='grc'><em>.</em></span> <span class='ocrx_word' id='word_1_95' title='bbox 958 1355 998 1398; x_wconf 88' lang='grc' dir='ltr'><em>ω</em></span> <span class='ocrx_word' id='word_1_96' title='bbox 1028 1344 1191 1408; x_wconf 89' lang='grc' dir='ltr'><em>τάλας</em></span> <span class='ocrx_word' id='word_1_97' title='bbox 1220 1344 1344 1415; x_wconf 82' lang='grc' dir='ltr'><em>ἐγω,</em></span> 
     </span>
     <span class='ocr_line' id='line_1_19' title="bbox 287 1423 1399 1499; baseline 0.001 -17"><span class='ocrx_word' id='word_1_98' title='bbox 287 1450 357 1492; x_wconf 87' lang='grc' dir='ltr'><em>ως</em></span> <span class='ocrx_word' id='word_1_99' title='bbox 384 1423 661 1499; x_wconf 79' lang='grc' dir='ltr'><em>ἠπόρημαι</em></span> <span class='ocrx_word' id='word_1_100' title='bbox 689 1426 823 1498; x_wconf 84' lang='grc' dir='ltr'><em>πρὸς</em></span> <span class='ocrx_word' id='word_1_101' title='bbox 849 1434 1002 1483; x_wconf 74' lang='grc' dir='ltr'><em>θεῶν</em></span> <span class='ocrx_word' id='word_1_102' title='bbox 1027 1453 1091 1484; x_wconf 90' lang='grc' dir='ltr'><em>τα</em></span> <span class='ocrx_word' id='word_1_103' title='bbox 1117 1434 1224 1483; x_wconf 83' lang='grc' dir='ltr'><em>νῦν</em></span> <span class='ocrx_word' id='word_1_104' title='bbox 1253 1429 1399 1484; x_wconf 85' lang='grc' dir='ltr'><em>τάδε.</em></span> 
     </span>
     <span class='ocr_line' id='line_1_20' title="bbox 283 1509 1502 1584; baseline 0.001 -17"><span class='ocrx_word' id='word_1_105' title='bbox 283 1514 344 1567; x_wconf 80' lang='grc' dir='ltr'><em>ἕν</em></span> <span class='ocrx_word' id='word_1_106' title='bbox 370 1534 460 1582; x_wconf 91' lang='grc' dir='ltr'><em>μοι</em></span> <span class='ocrx_word' id='word_1_107' title='bbox 487 1512 760 1582; x_wconf 79' lang='grc' dir='ltr'><em>φύλαξον,</em></span> <span class='ocrx_word' id='word_1_108' title='bbox 786 1515 1111 1583; x_wconf 66' lang='grc' dir='ltr'><em>ΝΙενέλεως,</em></span> <span class='ocrx_word' id='word_1_109' title='bbox 1139 1509 1244 1568; x_wconf 76' lang='grc' dir='ltr'><em>άνά</em></span> <span class='ocrx_word' id='word_1_110' title='bbox 1270 1512 1502 1584; x_wconf 84' lang='grc' dir='ltr'><em>στρατὸν</em></span> 
     </span>
     <span class='ocr_line' id='line_1_21' title="bbox 283 1594 1499 1701; baseline 0.002 -51"><span class='ocrx_word' id='word_1_111' title='bbox 283 1594 494 1666; x_wconf 71' lang='grc' dir='ltr'><em>ἐλθών,</em></span> <span class='ocrx_word' id='word_1_112' title='bbox 523 1595 668 1661; x_wconf 85' lang='grc' dir='ltr'><em>όπως</em></span> <span class='ocrx_word' id='word_1_113' title='bbox 693 1621 761 1652; x_wconf 88' lang='grc' dir='ltr'><em>αν</em></span> <span class='ocrx_word' id='word_1_114' title='bbox 784 1595 856 1669; x_wconf 79' lang='grc' dir='ltr'><em>μὴ</em></span> <span class='ocrx_word' id='word_1_115' title='bbox 883 1596 1342 1701; x_wconf 83' lang='grc' dir='ltr'><em>Κλυταιμνήστρα</em></span> <span class='ocrx_word' id='word_1_116' title='bbox 1369 1597 1499 1653; x_wconf 87' lang='grc' dir='ltr'><em>τάδε</em></span> 
     </span>
     <span class='ocr_line' id='line_1_22' title="bbox 281 1678 1752 1754; baseline 0.003 -19"><span class='ocrx_word' id='word_1_117' title='bbox 281 1679 462 1752; x_wconf 78' lang='grc' dir='ltr'><em>μάθη,</em></span> <span class='ocrx_word' id='word_1_118' title='bbox 490 1684 622 1751; x_wconf 91' lang='grc' dir='ltr'><em>πριν</em></span> <span class='ocrx_word' id='word_1_119' title='bbox 644 1678 803 1753; x_wconf 82' lang='grc' dir='ltr'><em>Λιδῃ</em></span> <span class='ocrx_word' id='word_1_120' title='bbox 832 1679 984 1737; x_wconf 80' lang='grc' dir='ltr'><em>παῖδ’</em></span> <span class='ocrx_word' id='word_1_121' title='bbox 1018 1680 1153 1753; x_wconf 87' lang='grc' dir='ltr'><em>ἐμην</em></span> <span class='ocrx_word' id='word_1_122' title='bbox 1179 1687 1409 1753; x_wconf 77' lang='grc' dir='ltr'><em>προσθῶ</em></span> <span class='ocrx_word' id='word_1_123' title='bbox 1437 1682 1641 1754; x_wconf 72' lang='grc' dir='ltr'><em>λαβών..</em></span> <span class='ocrx_word' id='word_1_124' title='bbox 1668 1698 1752 1740; x_wconf 75' lang='lat'><em>540</em></span> 
     </span>
     <span class='ocr_line' id='line_1_23' title="bbox 284 1761 1568 1838; baseline 0.003 -19"><span class='ocrx_word' id='word_1_125' title='bbox 284 1788 354 1830; x_wconf 83' lang='grc' dir='ltr'><em>ως</em></span> <span class='ocrx_word' id='word_1_126' title='bbox 383 1761 469 1819; x_wconf 80' lang='grc' dir='ltr'><em>ἐπ’</em></span> <span class='ocrx_word' id='word_1_127' title='bbox 503 1769 800 1837; x_wconf 83' lang='grc' dir='ltr'><em>ἐλαχίστοις</em></span> <span class='ocrx_word' id='word_1_128' title='bbox 828 1764 1090 1838; x_wconf 81' lang='grc' dir='ltr'><em>δακρύοις</em></span> <span class='ocrx_word' id='word_1_129' title='bbox 1115 1765 1340 1837; x_wconf 88' lang='grc' dir='ltr'><em>πράσσω</em></span> <span class='ocrx_word' id='word_1_130' title='bbox 1371 1789 1568 1833; x_wconf 90' lang='grc' dir='ltr'><em>κακως.</em></span> 
     </span>
     <span class='ocr_line' id='line_1_24' title="bbox 282 1846 1369 1922; baseline 0.002 -18"><span class='ocrx_word' id='word_1_131' title='bbox 282 1846 436 1916; x_wconf 79' lang='grc' dir='ltr'><em>ὑμεῖς</em></span> <span class='ocrx_word' id='word_1_132' title='bbox 462 1872 519 1905; x_wconf 91' lang='grc' dir='ltr'><em>τε</em></span> <span class='ocrx_word' id='word_1_133' title='bbox 546 1850 736 1922; x_wconf 87' lang='grc' dir='ltr'><em>σιγήν,</em></span> <span class='ocrx_word' id='word_1_134' title='bbox 765 1859 806 1906; x_wconf 86' lang='grc' dir='ltr'><em>ω</em></span> <span class='ocrx_word' id='word_1_135' title='bbox 836 1853 1012 1920; x_wconf 82' lang='grc' dir='ltr'><em>ξέναι,</em></span> <span class='ocrx_word' id='word_1_136' title='bbox 1041 1850 1369 1922; x_wconf 85' lang='grc' dir='ltr'><em>φυλάσσετε.</em></span> 
     </span>
     <span class='ocr_line' id='line_1_25' title="bbox 285 1941 1576 2012; baseline 0.004 -24"><span class='ocrx_word' id='word_1_137' title='bbox 285 1957 524 2006; x_wconf 87' lang='grc' dir='ltr'><em>μακαρες</em></span> <span class='ocrx_word' id='word_1_138' title='bbox 549 1943 604 1991; x_wconf 90' lang='grc' dir='ltr'><em>οἳ</em></span> <span class='ocrx_word' id='word_1_139' title='bbox 625 1941 845 2012; x_wconf 83' lang='grc' dir='ltr'><em>μετρίας</em></span> <span class='ocrx_word' id='word_1_140' title='bbox 872 1941 1013 1989; x_wconf 83' lang='grc' dir='ltr'><em>θεοῦ</em></span> <span class='ocrx_word' id='word_1_141' title='bbox 1462 1955 1576 2011; x_wconf 89' lang='grc' dir='ltr'><em>στρ.</em></span> 
     </span>
     <span class='ocr_line' id='line_1_26' title="bbox 276 2018 1065 2092; baseline 0 -18"><span class='ocrx_word' id='word_1_142' title='bbox 276 2018 411 2089; x_wconf 89' lang='grc' dir='ltr'><em>μετά</em></span> <span class='ocrx_word' id='word_1_143' title='bbox 436 2043 493 2075; x_wconf 87' lang='grc' dir='ltr'><em>τε</em></span> <span class='ocrx_word' id='word_1_144' title='bbox 520 2020 884 2092; x_wconf 85' lang='grc' dir='ltr'><em>σωφροσύνας</em></span> <span class='ocrx_word' id='word_1_145' title='bbox 909 2022 1065 2090; x_wconf 80' lang='grc' dir='ltr'><em>μετέ-</em></span> 
     </span>
     <span class='ocr_line' id='line_1_27' title="bbox 276 2101 1749 2177; baseline 0.004 -19"><span class='ocrx_word' id='word_1_146' title='bbox 276 2121 407 2174; x_wconf 88' lang='grc' dir='ltr'><em>σχον</em></span> <span class='ocrx_word' id='word_1_147' title='bbox 432 2106 676 2176; x_wconf 85' lang='grc' dir='ltr'><em>λέκτρων</em></span> <span class='ocrx_word' id='word_1_148' title='bbox 696 2101 1039 2177; x_wconf 75' lang='grc' dir='ltr'><em>Ἀφροδίτας,</em></span> <span class='ocrx_word' id='word_1_149' title='bbox 1666 2121 1749 2164; x_wconf 80' lang='lat'><em>545</em></span> 
     </span>
     <span class='ocr_line' id='line_1_28' title="bbox 277 2189 896 2261; baseline 0.006 -20"><span class='ocrx_word' id='word_1_150' title='bbox 277 2195 542 2261; x_wconf 77' lang='grc' dir='ltr'><em>γαλανείᾳ</em></span> <span class='ocrx_word' id='word_1_151' title='bbox 565 2189 896 2261; x_wconf 89' lang='grc' dir='ltr'><em>χρησάμενοι</em></span> 
     </span>
     <span class='ocr_line' id='line_1_29' title="bbox 273 2270 1060 2347; baseline 0.005 -21"><span class='ocrx_word' id='word_1_152' title='bbox 273 2279 554 2344; x_wconf 78' lang='grc' dir='ltr'><em>μαινολῶν</em></span> <span class='ocrx_word' id='word_1_153' title='bbox 581 2283 842 2345; x_wconf 83' lang='grc' dir='ltr'><em>οἴστρων,</em></span> <span class='ocrx_word' id='word_1_154' title='bbox 872 2270 967 2330; x_wconf 75' lang='grc' dir='ltr'><em>ὅθι</em></span> <span class='ocrx_word' id='word_1_155' title='bbox 993 2273 1060 2347; x_wconf 88' lang='grc' dir='ltr'><em>δὴ</em></span> 
     </span>
     <span class='ocr_line' id='line_1_30' title="bbox 275 2355 1091 2431; baseline 0.005 -20"><span class='ocrx_word' id='word_1_156' title='bbox 275 2355 468 2429; x_wconf 81' lang='grc' dir='ltr'><em>δίδυμ’</em></span> <span class='ocrx_word' id='word_1_157' title='bbox 491 2355 666 2431; x_wconf 73' lang='grc' dir='ltr'><em>’Ἑρως</em></span> <span class='ocrx_word' id='word_1_158' title='bbox 693 2355 720 2414; x_wconf 84' lang='grc' dir='ltr'>ὁ</span> <span class='ocrx_word' id='word_1_159' title='bbox 747 2358 1091 2431; x_wconf 86' lang='grc' dir='ltr'><em>χρυσοκόμας</em></span> 
     </span>
     <span class='ocr_line' id='line_1_31' title="bbox 275 2437 994 2515; baseline 0.003 -18"><span class='ocrx_word' id='word_1_160' title='bbox 275 2437 388 2506; x_wconf 78' lang='grc' dir='ltr'><em>τόξ’</em></span> <span class='ocrx_word' id='word_1_161' title='bbox 417 2446 715 2499; x_wconf 83' lang='grc' dir='ltr'><em>ἐντείνεται</em></span> <span class='ocrx_word' id='word_1_162' title='bbox 737 2449 994 2515; x_wconf 89' lang='grc' dir='ltr'><em>χαρίτων,</em></span> 
     </span>
     <span class='ocr_line' id='line_1_32' title="bbox 272 2523 1744 2603; baseline 0.003 -22"><span class='ocrx_word' id='word_1_163' title='bbox 272 2524 333 2582; x_wconf 84' lang='grc' dir='ltr'><em>τὸ</em></span> <span class='ocrx_word' id='word_1_164' title='bbox 362 2528 463 2596; x_wconf 76' lang='grc' dir='ltr'><em>μὲν</em></span> <span class='ocrx_word' id='word_1_165' title='bbox 492 2523 577 2584; x_wconf 87' lang='grc' dir='ltr'><em>ἐπ’</em></span> <span class='ocrx_word' id='word_1_166' title='bbox 610 2525 838 2584; x_wconf 83' lang='grc' dir='ltr'><em>εὑαίωνι</em></span> <span class='ocrx_word' id='word_1_167' title='bbox 864 2526 1068 2603; x_wconf 74' lang='grc' dir='ltr'><em>πότμῳ,</em></span> <span class='ocrx_word' id='word_1_168' title='bbox 1661 2541 1744 2585; x_wconf 86' lang='grc'><em>550</em></span> 
     </span>
     <span class='ocr_line' id='line_1_33' title="bbox 272 2608 1047 2685; baseline 0.003 -20"><span class='ocrx_word' id='word_1_169' title='bbox 272 2608 332 2666; x_wconf 86' lang='grc' dir='ltr'><em>τὸ</em></span> <span class='ocrx_word' id='word_1_170' title='bbox 361 2614 395 2665; x_wconf 89' lang='grc' dir='ltr'><em>δ</em></span> <span class='ocrx_word' id='word_1_171' title='bbox 402 2608 416 2629; x_wconf 87' lang='lat'>&#39;</span> <span class='ocrx_word' id='word_1_172' title='bbox 445 2614 532 2668; x_wconf 83' lang='grc' dir='ltr'><em>ἐπὶ</em></span> <span class='ocrx_word' id='word_1_173' title='bbox 559 2611 822 2685; x_wconf 84' lang='grc' dir='ltr'><em>συγχύσει</em></span> <span class='ocrx_word' id='word_1_174' title='bbox 846 2619 1047 2684; x_wconf 82' lang='grc' dir='ltr'><em>βιοτᾶς.</em></span> 
     </span>
     <span class='ocr_line' id='line_1_34' title="bbox 272 2690 969 2770; baseline 0.006 -22"><span class='ocrx_word' id='word_1_175' title='bbox 272 2690 526 2752; x_wconf 76' lang='grc' dir='ltr'><em>ἀπενέπω</em></span> <span class='ocrx_word' id='word_1_176' title='bbox 553 2721 644 2753; x_wconf 88' lang='grc' dir='ltr'><em>νιν</em></span> <span class='ocrx_word' id='word_1_177' title='bbox 671 2695 969 2770; x_wconf 78' lang='grc' dir='ltr'><em>ἁμετέρων,</em></span> 
     </span>
     <span class='ocr_line' id='line_1_35' title="bbox 269 2777 1083 2854; baseline 0.005 -22"><span class='ocrx_word' id='word_1_178' title='bbox 269 2777 458 2851; x_wconf 83' lang='grc' dir='ltr'><em>Κύπρι</em></span> <span class='ocrx_word' id='word_1_179' title='bbox 481 2787 770 2852; x_wconf 86' lang='grc' dir='ltr'><em>καλλίστα,</em></span> <span class='ocrx_word' id='word_1_180' title='bbox 796 2780 1083 2854; x_wconf 80' lang='grc' dir='ltr'><em>θαλάμων.</em></span> 
     </span>
     <span class='ocr_line' id='line_1_36' title="bbox 602 2879 1234 2925; baseline 0.002 -3"><span class='ocrx_word' id='word_1_181' title='bbox 602 2881 863 2925; x_wconf 70' lang='lat'>543-557</span> <span class='ocrx_word' id='word_1_182' title='bbox 885 2897 951 2916; x_wconf 71' lang='lat' dir='ltr'><em>z</em></span> <span class='ocrx_word' id='word_1_183' title='bbox 971 2879 1234 2923; x_wconf 63' lang='lat'>558—572</span> 
     </span>
    </p>
   </div>
  </div>
 </body>
</html>
