2018 3117
185 91 288 142 348

187 241 309 289 ΠΟ.

188 410 304 459 ΑΘ.

194 578 311 627 ΠΟ.

191 747 303 797 ΑΘ.

189 916 309 965 ΠΟ.

185 1086 304 1135 ΑΘ.

186 1255 309 1303 ΠΟ.

186 1424 303 1473 ΑΘ.

186 1509 310 1557 ΠΟ.

186 1677 308 1726 ΠΟ.

187 1763 304 1811 ΑΘ.

187 1846 310 1894 ΠΟ.

295 1969 305 1978 .
377 1925 653 1996 δύστηνον
677 1922 865 1989 αὐτοῖς
891 1925 1092 1980 νόστον
1117 1927 1375 1994 ἐμβαλεῖν
1399 1923 1567 1976 θέλω.

188 2015 311 2064 ΠΟ.

191 2101 307 2149 ΑΘ.

822 90 1174 137 ΤΡΩΙΑΔΕΣ

371 239 492 304 μῶν
515 235 573 288 ἐκ
598 237 753 287 θεῶν
776 253 876 286 του
899 229 1096 286 καινὸν
1120 228 1368 302 ἀγγελεῖς
1392 237 1537 302 ἔπος,

379 314 414 388 ἢ
437 314 614 388 Ζηνὸς
637 312 673 387 ἦ
695 317 788 371 καὶ
813 315 1094 386 δαιμόνων
1119 313 1267 379 τινὸς
1297 315 1444 388 πάρα
1459 341 1472 382 ;

375 399 506 472 οῦκ,
533 397 672 456 ἄλλα
703 406 904 471 Τροίας
946 396 1138 470 εἵνεκ’,
1165 404 1303 454 ἔνθα
1330 405 1610 471 βαίνομεν,

381 483 516 571 πρὸς
542 483 646 556 σὴν
676 482 913 556 ἀφῖγμαι
939 484 1206 555 δύναμιν,
1236 481 1307 548 ὡς
1332 482 1526 554 κοινὴν
1550 483 1717 554 λάβω.

380 571 413 641 ἡ
440 569 551 625 πού
574 593 667 625 νιν
691 575 900 641 ἔχθραν
922 567 1023 640 τὴν
1049 569 1181 640 πρὶν
1206 571 1516 639 ἐκβαλοῦσα
1539 573 1647 622 νῦν

382 660 458 719 εἰς
486 654 669 710 οἶκτον
695 648 864 726 ἦλθες
889 656 1024 725 πυρὶ
1048 654 1543 726 κατῃθαλωμένηςς

373 742 548 795 ἐκεῖσε
573 737 745 812 πρῶτ’
777 737 1006 795 ἄνελθε·
1034 738 1289 794 κοινώσει
1313 737 1511 808 λόγους

377 825 469 879 καὶ
489 826 860 894 συμπονήσεις
883 821 952 879 ἂν
976 822 1081 894 ε’γώ
1109 825 1307 893 πρᾶξαι
1331 823 1478 877 θέλω
1500 846 1512 887 ;

379 907 596 980 μάλιστ’
618 928 628 937 ·
667 907 802 982 ἀτάρ
829 907 896 980 δὴ
922 910 1014 963 καὶ
1038 906 1096 964 τὸ
1123 906 1223 963 σὸν
1247 909 1396 963 θέλω
1421 915 1652 977 μαθεῖν·

378 993 612 1065 πότερον
631 991 863 1064 Ἀχαιῶν
887 986 1055 1064 ἦλθες
1099 989 1269 1050 εἵνεκ’
1298 988 1332 1062 ἢ
1357 996 1631 1063 Φρυγῶνς

1790 665 1843 708 60

373 1076 501 1143 τοὺς
525 1079 626 1149 μὲν
654 1080 788 1149 πρὶν
817 1076 1054 1149 ἐχθροὺς
1085 1083 1273 1148 Τρῶας
1300 1074 1576 1147 εὐφρᾶναι
1600 1076 1768 1144 θέλω,
1793 1087 1848 1131 65

377 1169 588 1236 στρατῷ
615 1160 667 1218 δ’
691 1160 923 1233 Ἀχαισόν
951 1161 1150 1218 νόστον
1180 1165 1437 1232 ἐμβαλεῖν
1461 1159 1679 1231 πικρόν.

378 1253 435 1302 τί
455 1244 508 1302 δ’
540 1240 648 1303 ὦδε
673 1252 850 1321 πηδᾷς
876 1243 1061 1302 ἄλλοτ’
1095 1251 1170 1310 εἰς
1196 1243 1395 1309 ἄλλους
1420 1244 1658 1316 τρόπους

379 1345 554 1403 μισεῖς
577 1355 634 1387 τε
658 1338 785 1387 λίαν
810 1333 903 1387 καὶ
927 1338 1105 1402 φιλεῖς
1130 1327 1195 1387 ὃν
1221 1327 1290 1385 ἄν
1314 1330 1509 1401 τύχῃςς

376 1414 479 1472 οῦκ
504 1414 652 1472 οἶσθ’
683 1414 1052 1488 ὑβρισθεῖσάν
1075 1438 1141 1487 με
1166 1417 1257 1470 καὶ
1280 1413 1451 1478 ναοὺς
1476 1413 1669 1485 ε’μούςς

380 1500 509 1572 οἶδ’,
536 1499 685 1572 ἡνίκ’
718 1510 859 1566 Αἴας
885 1498 1030 1556 εἷλκε
1054 1500 1393 1569 Κασάνδραν
1416 1505 1528 1571 βία.

372 1583 575 1642 κούδέν
595 1582 884 1657 γ”Αχαιῶν
909 1593 1120 1642 ἔπαθεν
1144 1582 1267 1639 οὐδ’
1297 1581 1492 1655 ἥκουσ’
1523 1581 1649 1638 ὕπο.

377 1673 468 1726 καὶ
496 1670 605 1742 μὴν
632 1671 870 1743 ἔπερσάν
897 1669 949 1742 γ’
967 1667 1138 1726 Ἴλιον
1163 1675 1237 1743 τῷ
1263 1675 1339 1743 σῷ
1366 1670 1571 1723 σθένει.

372 1756 560 1827 τοιγάρ
590 1773 696 1826 σφε
725 1754 832 1811 σὺν
858 1757 945 1810 σοὶ
972 1755 1243 1826 βούλομαι
1274 1758 1471 1825 δρᾶσαι
1496 1758 1691 1817 κακῶς.

379 1838 549 1911 ἕτοιμ’
584 1837 618 1895 ἂ
643 1840 835 1912 βούλει
861 1837 986 1895 τάπ’
1022 1843 1175 1909 ἐμοῦ.
1210 1838 1428 1910 δράσεις
1455 1837 1515 1892 δὲ
1539 1843 1620 1904 τίς

382 2012 440 2064 ἐν
464 2015 533 2081 γῇ
559 2009 842 2080 μενόντων
867 2005 899 2080 ἦ
925 2006 1058 2064 καθ’
1091 2005 1344 2079 ἁλμυρὰν
1370 2004 1500 2073 ἅλας

382 2090 516 2149 ὅταν
541 2093 676 2165 πρὸς
706 2102 892 2159 οἴκους
916 2090 1258 2149 ναυστολῶσ’
1289 2088 1386 2147 ἀπ’
1421 2088 1599 2146 Ἰλίου.

381 2180 474 2233 καὶ
496 2176 636 2242 Ζεὺς
663 2178 763 2249 μὲν
789 2175 997 2248 ὄμβρον
1022 2179 1113 2232 καὶ
1136 2177 1372 2247 χάλαζαν
1402 2172 1637 2230 ἄσπετον

380 2264 582 2334 πέμψει
608 2261 871 2334 γνοφώδη
908 2259 957 2316 τ’
992 2263 1214 2332 αἰθέρος
1245 2260 1555 2332 φυσήματα,

383 2349 502 2418 ἐμοὶ
528 2347 589 2403 δὲ
613 2346 814 2403 δώσειν
839 2347 976 2418 φησὶ
1001 2352 1112 2417 πῦρ
1139 2345 1453 2415 κεραύνιον,

384 2432 612 2503 βάλλειν
634 2429 882 2502 Ἀχαιοὺς
906 2437 1045 2496 ναῦς
1075 2453 1132 2485 τε
1157 2429 1465 2502 πιμπράναι
1491 2433 1643 2499 πυρί.

382 2515 451 2572 σὺ
478 2514 535 2572 δ’
569 2510 641 2573 αὖ
670 2515 730 2572 τὸ
759 2514 859 2572 σὸν
883 2515 1155 2588 παράσχες
1178 2523 1416 2584 Αἴγαιον
1441 2512 1615 2585 πόρον

382 2608 694 2673 τρικυμίαις
717 2602 990 2672 βρέμοντα
1013 2602 1104 2655 καὶ
1128 2603 1305 2674 δίναις
1332 2595 1475 2667 ἁλός,

382 2692 594 2756 πλῆσον
619 2685 680 2741 δὲ
704 2691 921 2757 νεκρῶν
945 2692 1133 2740 κοῖλον
1154 2680 1399 2754 Εὐβοίας
1422 2681 1615 2754 μυχόν,

384 2767 458 2834 ὡς
486 2765 554 2826 ἂν
580 2769 638 2825 τὸ
669 2768 867 2825 λοιπὸν
890 2767 1014 2841 τᾶμ’
1046 2765 1309 2839 ἀνάκτορ’
1341 2764 1594 2838 εὐσεβεῖν

383 2851 567 2910 εἰδῶσ’
598 2851 805 2926 Ἀχαιοὶ
827 2855 997 2919 θεούς
1022 2877 1078 2909 τε
1106 2852 1232 2918 τοῦς
1256 2849 1456 2918 ἄλλους
1480 2852 1680 2922 σέβειν.

1795 1510 1850 1554 70

1795 1932 1849 1978 75

1793 2355 1850 2399 80
