2018 3117
186 98 292 150 340

209 1840 323 1889 XO.

209 2008 324 2059 ΕΚ.

883 92 1114 139 ΡΗΣΟΣ

379 233 596 307 Θρῄκης
621 228 875 286 ἀνάσσων
899 233 1112 299 πρῶτος
1138 219 1270 297 ἧσθ’
1299 224 1548 298 ἀνδρῶν,
1572 226 1784 282 τέκνον.

379 324 477 375 καί
497 314 548 372 σ’
577 313 719 386 ἀμφὶ
741 319 846 385 γῆν
870 312 971 384 μὲν
995 316 1232 383 πατρίαν
1257 311 1630 381 φιλαρμάτους

381 399 547 466 ἄλκας
569 395 892 470 κορύσσοντ’
926 393 1029 452 οὐκ
1052 398 1365 466 ἐδείμαινον
1388 402 1611 449 θανεῖν·

388 491 584 556 Τροίας
607 480 659 539 δ’
690 480 957 553 ἀπηύδων
982 478 1118 536 ἄστυ
1141 477 1213 551 μὴ
1238 480 1425 534 κέλσαι
1447 480 1592 549 ποτέ,

386 575 565 626 εἰδυῖα
587 566 684 625 τὸν
708 564 809 622 σὸν
832 566 1063 637 πότμον·
1101 561 1237 619 ἀλλά
1260 561 1312 618 σ’
1338 560 1594 634 Ἕκτορος
1763 575 1846 618 935

386 648 768 726 πρεσβεύμαθ’
799 655 861 706 αἴ
878 673 934 706 τε
958 655 1150 721 μυρίαι
1175 653 1460 722 γερουσίαι

387 745 612 795 ἔπεισαν
637 740 826 793 ἐλθεῖν
849 732 1252 805 κάπικουρῆσαι
1283 738 1481 803 φίλοις.

385 825 454 878 σύ
480 824 661 890 τοῦδ’,
684 822 915 887 Ἀθάνα,
943 815 1144 878 παντὸς
1171 817 1315 867 αἰτία
1340 814 1541 882 μόρου,

391 904 559 963 οὐδὲν
583 903 634 962 δ’
666 902 963 968 Ὀδυσσεὺς
989 899 1111 958 οὐδ’
1141 900 1169 957 ὁ
1202 902 1421 965 Τυδέως
1445 899 1602 964 τόκος

392 996 588 1063 ἔδρασε
613 989 842 1060 δράσας·
869 987 940 1059 μὴ
967 987 1120 1043 δόκει
1145 987 1457 1057 λεληθέναι.
1768 996 1852 1039 940

393 1082 568 1132 καίτοι
593 1074 754 1130 πόλιν
778 1071 882 1143 σὴν
907 1072 1169 1142 σύγγονοι
1195 1069 1573 1141 πρεσβεύομεν

393 1166 619 1216 Μοῦσαι
643 1158 873 1229 μάλιστα
896 1154 1293 1227 κάπιχρώμεθα
1316 1159 1498 1224 χθονί,

392 1249 710 1315 μυστηρίων
734 1264 791 1296 τε
814 1246 924 1297 τῶν
950 1238 1275 1312 ἀπορρήτων
1301 1237 1477 1310 φανὰς

397 1332 602 1396 ἔδειξεν
630 1325 891 1399 Ὀρφεύς,
921 1322 1248 1390 αὐτανέψιος
1275 1328 1479 1396 νεκροῦ

392 1410 549 1469 τοῦδ’
577 1410 643 1468 ὃν
667 1416 1035 1475 κατακτείνεις
1061 1410 1156 1465 σύ·
1183 1408 1480 1465 Μουσαῖόν
1504 1430 1561 1462 τε
1587 1406 1685 1462 σὸν
1772 1419 1856 1463 945

393 1496 596 1569 σεμνὸν
619 1502 847 1567 πολίτην
873 1493 1006 1551 κάπὶ
1030 1502 1286 1551 πλεῖστον
1312 1490 1470 1565 ἄνδρ’
1502 1495 1598 1548 ἕνα

399 1583 659 1652 ἐλθόντα,
687 1588 889 1653 Φοῖβος
914 1580 1184 1651 σύγγονοί
1202 1576 1249 1634 τ’
1278 1576 1606 1649 ἠσκήσαμεν.

396 1668 489 1723 καὶ
512 1671 688 1723 τῶνδε
711 1664 916 1737 μισθὸν
945 1661 1099 1720 παῖδ’
1132 1660 1314 1734 ἒχουσ’
1344 1666 1404 1718 ἐν
1428 1659 1688 1732 ἀγκάλαις

395 1757 590 1824 θρηνῶ
610 1771 621 1781 ·
649 1748 916 1822 σοφιστὴν
940 1746 983 1805 δ’
1011 1746 1178 1804 ἄλλον
1202 1745 1304 1804 οὐκ
1330 1746 1607 1817 ἐπάξομαι.

392 1836 567 1908 μάτην
593 1833 682 1905 ἄρ’
710 1833 849 1907 ἡμᾶς
877 1833 1113 1908 Θρῄκιος
1137 1831 1468 1905 τροχηλάτης
1775 1840 1859 1884 950

398 1917 902 1992 ἐδέννασ’,Ἕκτορ,
927 1923 1067 1994 τῶδε
1092 1923 1391 1989 βουλεῦσαι
1417 1914 1607 1986 φόνον.

394 2002 498 2078 ᾔδη
523 2003 642 2061 τάδ’
663 2024 674 2034 ·
702 2003 868 2061 οὐδὲν
892 2005 1140 2076 μάντεων
1161 2007 1272 2058 ἔδει
1298 2000 1503 2073 φράσαι

394 2087 696 2154 Ὀδυσσέως
719 2091 957 2160 τέχναισι
981 2085 1131 2144 τόνδ’
1161 2084 1418 2143 ὀλωλότα.

402 2172 506 2246 ἐγω
533 2173 594 2229 δὲ
617 2179 714 2245 γῆς
738 2178 977 2245 ἔφεδρον
996 2170 1270 2243 Ἑλλήνων
1294 2168 1527 2241 στρατὸν

402 2258 680 2329 λεύσσων,
707 2264 765 2313 τί
789 2255 899 2329 μὴν
923 2262 1150 2327 ἔμελλον
1175 2253 1241 2311 οὐ
1268 2256 1504 2325 πέμψειν
1530 2259 1713 2324 φίλοις
1780 2265 1862 2309 955

400 2344 669 2417 κήρυκας,
697 2346 885 2398 ἐλθεῖν
907 2339 1310 2412 κάπικουρῆσαι
1333 2344 1505 2410 χθονί
1515 2363 1528 2404 ;

403 2425 601 2500 ἔπεμψ’
625 2446 636 2457 ·
663 2424 907 2499 ὀφείλων
932 2423 983 2481 δ’
1011 2417 1151 2496 ἦλθε
1175 2435 1479 2495 συμπονεῖν
1510 2425 1645 2493 ἐμοί.

405 2510 472 2569 οὗ
497 2512 607 2585 μὴν
631 2512 864 2568 θανόντι
886 2507 940 2581 γ’
971 2507 1225 2580 οὐδαμῶς
1249 2508 1571 2579 συνήδομαι.

403 2599 495 2652 καὶ
518 2602 626 2652 νῦν
653 2600 864 2668 ἕτοιμος
891 2599 1030 2670 τῶδε
1053 2595 1143 2649 καὶ
1167 2596 1350 2659 τεῦξαι
1375 2592 1553 2663 τάφον

405 2683 498 2738 καὶ
519 2684 880 2752 ξυμπυρῶσαι
905 2685 1122 2751 μυρίων
1139 2679 1363 2734 πέπλων
1387 2675 1607 2747 χλιδήν·
1782 2686 1865 2730 960

406 2771 564 2838 φίλος
589 2764 692 2837 γὰρ
718 2764 903 2822 ἐλθῶν
928 2769 1209 2835 δυστυχῶς
1235 2759 1538 2833 ἀπέρχεται.
