2018 3117
116 228 213 275 XO

798 85 1014 131 ΟΡΕΣΤ
1009 85 1108 130 ΗΣ

300 218 326 276 ὁ
353 221 519 291 μέγας
546 217 706 292 ὄλβος
730 219 765 277 ἅ
787 220 836 277 τ’
864 220 1029 294 ἀρετὰ

303 306 439 376 μέγα
466 303 735 377 φρονοῦσ’
766 304 855 361 ἄν’
885 304 1112 362 Ἑλλάδα
1137 310 1226 363 καὶ

300 386 446 459 παρὰ
469 396 821 459 Σιμουντίοις
846 387 1048 461 ὀχετοῖς

300 472 466 528 πάλιν
491 469 691 543 ἀνῆλθ’
721 477 771 540 ἐξ
798 471 1048 544 εὐτυχίας
1067 473 1366 546 Ἀτρείδαις

303 556 468 611 πάλαι
497 562 727 622 παλαιᾶς
756 555 861 612 ἀπὸ
887 565 1174 631 συμφορᾶς
1198 560 1400 630 δόμων,

297 637 458 697 ὁπότε
480 647 734 710 χρυσειάς
764 647 874 712 ἔρις
898 639 1063 713 ἀρνὸς

296 721 474 795 ἤλυθε
503 730 876 795 Τανταλίδαις,

300 808 613 879 οἰκτρότατα
637 809 942 879 θοινάματα
966 811 1057 864 καὶ

297 892 502 963 σφάγια
531 898 802 962 γενναίων
835 895 1060 948 τεκέων·

299 973 435 1032 ὅθεν
459 976 611 1049 φόνῳ
639 976 805 1047 φόνος
834 979 1046 1048 ἐξαμεί-

296 1067 412 1132 βων
436 1057 510 1115 δι’
538 1065 758 1130 αἵματος
781 1059 847 1115 οὐ
874 1068 1096 1132 προλεί-

295 1167 384 1200 πει
409 1149 677 1200 δισσοῖσιν
697 1142 1009 1213 Ἀτρείδαις.

294 1227 353 1284 τὸ
382 1227 551 1284 καλὸν
575 1226 641 1283 οὐ
667 1229 862 1299 καλόν,
890 1232 1091 1285 τοκέων

293 1325 582 1383 πυριγενεῖ
601 1326 782 1382 τεμεῖν
805 1314 1024 1387 παλάμᾳ

290 1396 448 1466 χρόα,
477 1396 806 1467 μελάνδετον
835 1399 895 1453 δὲ
920 1398 1072 1472 φόνῳ

293 1483 447 1549 ξίφος
473 1484 524 1544 ἐς
548 1478 718 1551 αὐγὰς
744 1478 946 1537 άελιόιο
973 1485 1167 1548 δεῖξαι·

291 1562 349 1618 τὸ
377 1561 429 1619 δ’
463 1557 535 1619 αὖ
563 1579 893 1638 κακουργεῖν
919 1563 1137 1636 ἀσέβεια
1160 1567 1406 1637 μαινόλις

289 1649 653 1719 κακοφρόνων
681 1646 726 1703 τ’
759 1647 979 1721 ἀνδρῶν
1004 1651 1288 1723 παράνοια.

287 1732 533 1787 θανάτου
558 1731 661 1803 γὰρ
687 1730 827 1803 ἀμφὶ
853 1733 1009 1808 φόβῳ

295 1818 567 1887 Τυνδαρὶς
591 1817 775 1887 ἰάχησε
798 1817 987 1872 τάλαι-

287 1918 380 1954 να·
410 1902 626 1970 τέκνον,
658 1899 723 1955 οὐ
750 1908 944 1974 τολμᾷς
969 1899 1089 1958 ὅσια

286 1989 517 2039 κτείνων
533 1981 625 2041 σάν
639 1987 866 2056 ματέρα,
893 1985 964 2057 μὴ
990 1987 1207 2061 πατρῳ-

284 2091 354 2122 αν
377 2074 546 2138 τιμῶν
569 2068 728 2139 χάριν
752 2069 943 2136 ἐξανά-

283 2166 360 2222 ψῃ
385 2152 681 2208 δύσκλειαν
712 2156 765 2218 ἐς
796 2154 895 2210 άεί.

286 2241 366 2299 τίς
393 2236 556 2301 νόσος
582 2233 616 2307 ἦ
641 2243 764 2292 τίνα
788 2238 1000 2310 δάκρυα
1024 2242 1114 2294 καὶ

284 2325 363 2383 τίς
393 2327 537 2384 ἔλεος
559 2327 756 2391 μείζων
784 2322 918 2377 κατὰ
942 2329 1046 2394 γᾶν

283 2398 319 2473 ἦ
341 2403 710 2474 ματροκτόνον
737 2402 868 2476 αἷμα
891 2409 1032 2478 χειρὶ
1061 2408 1297 2476 θέσθαι;

287 2482 406 2541 οἷον
432 2485 550 2543 οἷον
571 2494 735 2561 ἔργον
758 2494 974 2555 τελέσας

282 2571 638 2642 βεβάκχευται
668 2579 901 2643 μανίαις,

282 2651 585 2725 Εὐμενίσιν
611 2656 835 2728 θήραμα
865 2656 1018 2731 φόνῳ

282 2739 510 2809 δρομάσι
534 2739 772 2795 δινεύων
802 2741 1097 2812 βλεφάροις

590 2838 844 2883 807—818
868 2856 938 2877 Ξ
959 2840 1042 2884 819
1061 2865 1115 2872 -—-
1135 2842 1218 2885 830

1287 2904 1388 2953 18*

1652 85 1752 137 275

1525 245 1639 298 στρ.

1667 491 1749 534 810

1664 911 1745 955 815

1521 1231 1631 1290 ἀντ.

1660 1332 1742 1376 820

1655 1751 1739 1795 825

1648 2173 1734 2218 830
