2018 3117
755 112 1068 159 ΟΡΕΣΤΗΣ
1620 110 1724 162 ⁶255

81 258 200 309 ΟΡ.
257 247 501 322 ὑπόβαλε
526 258 783 323 πλευροῖς
807 251 1045 323 πλευρά,
1072 248 1369 323 καύχμώδη
1396 249 1573 325 κόμην

265 333 435 405 ἄφελε
460 335 783 407 προσώπου·
808 334 978 391 λεπτά
1003 335 1106 407 γὰρ
1134 337 1348 392 λεύσσω
1373 336 1579 410 κόραις.

76 427 196 476 HA.
266 413 309 475 ὦ
332 420 654 491 βοστρύχων
680 424 918 484 πινῶδες
942 417 1142 474 ἄθλιον
1165 421 1322 492 κάρα,
1640 433 1725 478 225

264 501 334 569 ῶς
357 502 626 576 ἠγρίωσαι
652 503 743 559 διὰ
765 510 975 575 μακρᾶς
1001 502 1277 569 άλουσίας.

79 595 186 650 ΟΡ.
261 590 451 645 κλῖνόν
474 587 533 660 μ’
563 593 616 654 ἐς
641 586 812 659 εὐνὴν
835 581 1028 651 αὖθις·
1056 585 1188 644 ὅταν
1212 586 1317 662 άνῇ
1341 588 1504 656 νόσος

265 675 487 744 μανιάς,
516 671 796 746 ἄναρθρός
820 679 928 744 εἰμι
952 669 1209 728 κάσθενῶ
1234 676 1385 744 μέλη.

78 765 194 814 HA.
265 759 405 814 ἰδού.
435 765 600 830 φίλον
624 781 707 813 τοι
731 763 805 831 τῷ
830 763 1086 813 νοσοῦντι
1112 760 1353 828 δέμνιον,

266 841 498 915 ἀνιαρὸν
519 838 584 898 ὂν
608 840 666 897 τὸ
691 839 869 912 κτῆμ’,
901 840 1202 912 ἀναγκαῖον
1227 839 1278 896 δ’
1308 839 1469 913 ὅμως.
1639 855 1724 902 230

78 933 183 982 ΟΡ.
260 920 427 992 αὖθίς
453 924 511 998 μ’
539 930 591 991 ἐς
615 924 792 999 ὀρθὸν
815 933 1041 997 στῆσον,
1073 924 1371 982 ἀνακύκλει
1396 929 1586 998 δέμας·

266 1012 605 1083 δυσάρεστον
630 1015 688 1066 οἱ
704 1018 999 1075 νοσοῦντες
1025 1008 1255 1082 ἀπορίας
1281 1008 1407 1066 ὕπο.

74 1102 193 1153 ΗΛ.
263 1089 297 1168 ἦ
320 1094 453 1152 κάπὶ
477 1101 634 1167 γαίας
663 1092 896 1167 ἁρμόσαι
921 1096 1093 1160 πόδας
1119 1099 1319 1165 θέλεις,

261 1181 484 1253 χρόνιον
509 1189 655 1252 ἴχνος
678 1187 832 1247 θείς;
865 1179 1134 1251 μεταβολὴ
1161 1179 1383 1235 πάντων
1408 1179 1604 1251 γλυκύ.

78 1273 183 1321 ΟΡ.
260 1267 514 1336 μάλιστα·
547 1266 712 1332 δόξαν
738 1263 840 1337 γάρ
867 1262 984 1320 τόδ’
1021 1261 1233 1335 ὑγιείας
1261 1270 1386 1335 ἔχει.
1640 1278 1722 1321 235

263 1363 520 1423 κρεῖσσον
544 1351 605 1406 δὲ
632 1348 689 1405 τὸ
719 1355 929 1419 δοκεῖν,
956 1346 1060 1404 κᾶν
1084 1346 1346 1420 ἀληθείας
1370 1346 1496 1420 ἀπῇ.

77 1442 193 1490 HA.
264 1433 432 1491 ἄκουε
457 1434 524 1506 δὴ
550 1441 685 1502 νῦν,
715 1427 761 1489 ῶ
784 1441 1117 1505 κασίγνητον
1142 1433 1300 1505 κάρα,

262 1522 364 1584 ἕως
389 1523 524 1575 ἐῶσί
542 1517 593 1574 σ’
625 1511 689 1574 εὖ
708 1532 939 1592 φρονεῖν
959 1516 1215 1590 Ἐρινύες.

77 1611 181 1660 ΟΡ.
258 1606 426 1670 λέξεις
450 1628 500 1659 τι
529 1603 748 1659 καινόν·
785 1609 872 1658 κεί
891 1603 991 1674 μὲν
1016 1596 1105 1673 εὖ,
1131 1603 1291 1674 χάριν
1317 1604 1528 1674 φέρεις·

263 1693 313 1744 εἰ
334 1686 386 1743 δ’
417 1694 492 1753 εἰς
516 1689 729 1759 βλάβην
753 1685 880 1758 τιν’,
908 1686 1026 1752 ἅλις
1051 1693 1152 1758 ἔχω
1177 1692 1275 1742 τοῦ
1301 1691 1611 1757 δυστυχεῖν.
1638 1699 1722 1744 240

78 1780 193 1828 HA.
260 1775 547 1838 Mevs‘staog
571 1771 718 1844 ἥκει,
744 1779 847 1828 σοῦ
872 1778 1196 1844 κασίγνητος
1220 1771 1437 1843 πατρός,

267 1860 327 1913 ἐν
349 1864 616 1931 Ναυπλίᾳ
641 1857 701 1913 δὲ
726 1855 958 1928 σέλμαθ’
988 1855 1253 1929 ὥρμισται
1277 1862 1437 1911 νεῶν.

80 1948 183 1997 ΟΡ.
264 1948 378 2006 πῶς
405 1942 584 2008 εἶπας;
610 1939 730 2013 ἥκει
756 1948 872 2012 φῶς
897 1945 1043 2013 ἐμοῖς
1066 1943 1158 1997 καὶ
1183 1954 1296 2005 σοῖς
1320 1952 1505 2005 κακοῖς

265 2023 404 2098 ἀνὴρ
429 2024 695 2098 ὁμογενὴς
719 2028 810 2081 καὶ
833 2027 1051 2098 χάριτας
1076 2031 1215 2097 ἔχων
1239 2024 1468 2097 πατρος;

77 2115 196 2167 HA.
264 2108 413 2181 ἥκει,
440 2111 500 2166 τὸ
529 2110 724 2167 πιστὸν
748 2111 873 2166 τόδε
897 2111 1079 2183 λόγων
1105 2114 1251 2183 ἐμῶν
1277 2113 1456 2180 δέχου,
1638 2121 1720 2163 245

257 2192 478 2267 Ἑλένην
503 2193 767 2266 ἀγόμενος
798 2202 1061 2266 Τρωικῶν
1086 2199 1144 2251 ἐκ
1168 2197 1406 2266 τειχέων.

79 2287 184 2335 ΟΡ.
258 2285 309 2334 ει’
327 2281 493 2351 μόνος
517 2280 701 2352 ἐσώθη
717 2324 730 2351 ,
757 2287 964 2352 μᾶλλον
987 2277 1056 2336 ἂν
1080 2279 1312 2352 ζηλωτὸς
1339 2274 1407 2350 ήν
1423 2297 1434 2307 ·

265 2371 315 2420 εἰ
336 2363 388 2420 δ’
418 2363 616 2436 ἄλοχον
639 2364 853 2436 ἄγεται,
881 2364 1052 2420 κακὸν
1077 2371 1216 2435 ἔχων
1240 2361 1360 2434 ἥκει
1385 2365 1538 2434 μέγα.

77 2456 194 2505 HA.
264 2452 528 2521 ἐπίσημον
553 2457 702 2506 ἔτεκε
735 2450 1060 2521 Τυνδάρεως
1088 2456 1161 2515 εἰς
1187 2451 1283 2506 τὸν
1311 2447 1486 2518 ψόγον

199 2545 204 2559 ”
267 2537 424 2605 γένος
448 2537 776 2607 θυγατέρων
802 2536 1061 2598 δυσκλεές
1085 2530 1133 2588 τ’
1163 2530 1249 2588 ἀν’
1270 2530 1515 2587 Ἑλλάδα.
1637 2545 1718 2587 250

80 2626 185 2675 ΟΡ.
260 2619 330 2675 σύ
352 2643 458 2674 νυν
482 2620 714 2691 διάφερε
736 2626 847 2675 τῶν
870 2624 1055 2673 κακῶν
1071 2637 1082 2646 ·
1110 2623 1279 2684 ἔξεστι
1303 2617 1406 2688 γάρ
1422 2635 1432 2644 ·

264 2705 356 2759 καὶ
378 2702 450 2775 μὴ
475 2705 645 2775 μόνον
668 2702 803 2775 λέγ’,
832 2700 968 2759 ἄλλα
989 2704 1081 2758 καὶ
1105 2702 1300 2774 φρόνει
1323 2701 1468 2756 τάδε.

74 2795 196 2844 HA.
264 2797 436 2860 οἴμοι,
462 2787 767 2860 κασίγνητ’,
794 2786 939 2860 ὄμμα
962 2786 1062 2843 σὸν
1084 2785 1426 2861 ταράσσεται,

265 2873 428 2944 ταχὺς
454 2873 514 2928 δὲ
536 2876 775 2945 μετέθου
800 2873 1036 2943 λύσσαν,
1064 2870 1186 2945 ἄρτι
1211 2874 1534 2944 σωφρονῶν.
