2018 3117
233 83 334 136 300
896 87 1210 133 ΟΡΕΣΤΗΣ

423 225 709 325 λάβωμεν,
738 217 772 297 ᾗ
797 230 886 280 δεῖ
909 227 1212 291 ξυνθανεῖν
1242 229 1340 299 ἐμῇ
1364 229 1483 300 χερὶ
1774 242 1885 289 1555

421 332 548 374 τους
575 310 927 374 διολέσαντας
950 307 1052 380 τὴν
1083 309 1217 382 ἐμὴν
1247 311 1534 382 ξυνάορον.

237 400 342 450 ΟΡ.
419 395 580 458 οὑτος
603 392 699 463 σύ,
744 393 1004 466 κλῄθρων
1027 399 1204 451 τῶνδε
1231 393 1303 466 μὴ
1327 395 1540 468 ψαύσῃς
1563 403 1699 470 χερί,

421 479 718 532 ΝΙενέλαον
743 477 926 549 εἷπον,
953 474 1012 543 ὃς
1037 479 1396 551 πεπύργωσαι
1421 480 1643 552 θράσει·

425 556 462 632 ἦ
485 566 625 636 τῷδε
649 568 867 637 θριγκῷ
889 568 1061 635 κρᾶτα
1084 563 1422 635 συνθραύσω
1449 566 1633 635 σέθεν,

428 645 588 717 ῥήξας
614 646 817 702 παλαιὰ
841 647 1294 721 γεῖσα,τεκτόνων
1322 648 1511 705 πόνον.
1775 663 1885 709 1570

423 737 641 801 μοχλοῖς
668 728 720 786 δ’
753 729 924 804 ἄραρε
966 739 1209 805 κλῇθρα,
1235 739 1331 804 σῆς
1355 732 1670 806 βοηδρόμου

425 819 669 886 σπουδῆς
694 813 727 871 ἕξ
754 813 810 871 σ’
835 818 1025 888 εἴρξει,
1046 816 1117 890 μὴ
1144 817 1330 888 δόμων
1351 826 1478 873 εἵσω
1503 823 1694 890 περᾶν.

240 905 364 955 ΜΕ.
426 905 514 969 ἔα,
545 905 603 954 τί
620 906 828 973 χρῆμα;
856 901 1158 972 λαμπάδων
1183 899 1294 974 ὁρῶ
1320 904 1495 973 σέλας,

425 984 612 1054 δόμων
643 982 695 1040 δ’
726 982 819 1041 ἐπ’
853 982 1040 1057 ἄκρων
1063 986 1262 1042 τούσδε
1287 989 1799 1059 πυργηρουμένους,

425 1071 581 1138 ξίφος
607 1066 660 1124 δ’
695 1072 823 1141 ἐμῆς
846 1069 1126 1140 θυγατρὸς
1151 1075 1494 1144 ἐπίφρουρον
1519 1074 1668 1144 δέρῃ.
1778 1084 1888 1130 1575

240 1158 345 1207 ΟΡ.
425 1153 660 1225 πότερον
687 1157 896 1225 ἐρωτᾶν
923 1149 956 1224 ἦ
981 1155 1173 1210 κλύειν
1203 1158 1336 1226 ἐμοῦ
1360 1158 1572 1222 θέλεις;

236 1243 365 1292 ΜΕ.
425 1235 672 1310 οὐδέτερ’
692 1256 703 1268 ·
731 1236 942 1310 ἀνάγκη
971 1236 1044 1309 δ’,
1073 1236 1145 1304 ὡς
1171 1245 1341 1310 ἔοικε,
1374 1246 1476 1296 σοῦ
1500 1239 1708 1296 κλύειν.

241 1327 345 1375 ΟΡ.
421 1324 598 1392 μέλλω
630 1335 852 1378 κτανεῖν
877 1342 978 1379 σου
1005 1321 1294 1396 θυγατέρ’,
1324 1330 1374 1380 εἰ
1394 1324 1585 1395 βούλει
1607 1333 1827 1397 μαθεῖν.

237 1412 364 1461 ME.
416 1404 638 1478 Ἑλένην
671 1406 945 1478 φονεύσας
971 1410 1059 1464 ἐπὶ
1085 1409 1239 1484 φόνῳ
1267 1409 1527 1483 πράσσεις
1553 1410 1759 1481 φόνον;

241 1497 345 1545 ΟΡ.
424 1496 474 1546 εἰ
498 1490 600 1564 γὰρ
627 1494 887 1564 κατέσχον
915 1491 987 1565 μὴ
1019 1500 1171 1549 θεῶν
1198 1495 1463 1565 κλεφθεὶς
1488 1491 1613 1550 ὕπο.
1781 1509 1890 1553 1580

236 1581 365 1630 ΜΕ.
428 1573 589 1648 ἀρνεῖ
614 1576 880 1642 κατακτὰς
904 1574 1043 1649 κάφ’
1075 1575 1236 1651 ὕβρει
1260 1581 1435 1650 λέγεις
1465 1578 1624 1645 τάδε;

242 1666 346 1714 ΟΡ.
425 1661 644 1731 λυπράν
669 1685 731 1732 γε
756 1661 856 1734 τὴν
881 1660 1140 1735 ἄρνησιν·
1176 1668 1226 1718 εἰ
1252 1662 1355 1735 γὰρ
1384 1661 1603 1734 ὤφελον

236 1751 365 1799 ΜΕ.
424 1752 481 1800 τί
497 1752 676 1817 χρῆμα
702 1751 927 1819 δρᾶσαις
953 1754 1283 1819 παρακαλεῖς
1309 1746 1410 1820 γὰρ
1438 1754 1512 1812 εἰς
1542 1747 1737 1819 φόβον.

243 1835 347 1883 ΟΡ.
423 1828 522 1901 τὴν
541 1827 792 1897 Ἑλλάδος
816 1830 1065 1904 μιάστορ’
1097 1838 1171 1898 εἰς
1191 1829 1384 1889 ’Ἅιδου
1409 1840 1616 1904 βαλεῖν.

238 1920 366 1968 ΜΕ.
427 1911 631 1980 ἀπόδος
658 1916 928 1990 δάμαρτος
952 1919 1149 1988 νέκυν,
1179 1914 1325 1983 ὅπως
1348 1917 1505 1988 χω’σω
1531 1916 1704 1993 τάφῳ.
1779 1929 1890 1974 1585

242 2004 346 2053 ΟΡ.
420 1998 590 2064 θεοὺς
616 1998 832 2056 ἀπαίτει
849 2021 860 2031 ·
888 2006 1057 2058 παῖδα
1081 2002 1142 2057 δὲ
1169 2008 1342 2058 κτενῶ
1368 2005 1552 2058 σέθεν.

238 2089 366 2137 ΜΕ.
425 2080 454 2140 ὁ
481 2085 864 2157 μητροφόντης
889 2088 977 2142 ἐπὶ
1008 2086 1162 2161 φόνῳ
1188 2087 1418 2160 πράσσει
1443 2086 1636 2158 φόνον.

243 2173 347 2221 ΟΡ.
425 2165 453 2224 ὁ
481 2167 683 2241 πατρὸς
709 2166 997 2241 ἀμύντωρ,
1030 2167 1095 2225 ὃν
1123 2170 1192 2226 σὺ
1218 2170 1546 2242 προύδωκας
1569 2179 1783 2227 θανεῖν.

240 2258 367 2307 ΜΕ.
427 2250 530 2308 οὐκ
554 2250 789 2326 ἤρκεσέν
819 2272 906 2310 σοι
929 2253 987 2309 τὸ
1016 2253 1194 2327 παρὸν
1222 2251 1354 2325 αἷμα
1380 2256 1638 2326 μητέρος;

243 2343 347 2391 ΟΡ.
425 2333 527 2393 οὐκ
558 2334 626 2392 ἂν
652 2338 875 2410 κάμοιμι
902 2337 994 2405 τὰς
1021 2337 1189 2403 κακὰς
1221 2345 1453 2394 κτείνων
1482 2336 1583 2394 ἀεί.
1781 2351 1891 2396 1590

240 2427 367 2476 ΜΕ.
421 2414 456 2492 ἦ
479 2424 572 2477 καὶ
595 2425 691 2491 σύ,
717 2425 951 2492 Πυλάδη
968 2463 983 2490 ,
1010 2424 1174 2476 τοῦδε
1199 2433 1483 2486 κοινωνεῖς
1508 2424 1714 2492 φόνου;

243 2511 348 2560 ΟΡ.
424 2508 595 2577 φησὶν
619 2513 843 2563 σιωπῶν
863 2526 873 2536 ·
904 2505 1116 2579 ἀρκέσω
1142 2504 1195 2562 δ’
1226 2505 1330 2578 ἐγὼ
1357 2509 1550 2578 λέγων.

238 2596 367 2644 ΜΕ.
427 2586 546 2645 ἀλλ’
582 2588 702 2647 ου’τι
724 2597 960 2663 χαίρων,
990 2588 1059 2663 ἤν
1083 2614 1144 2661 γε
1167 2615 1238 2662 μη
1270 2591 1449 2664 φύγῃς
1474 2605 1707 2665 πτεροῖς.

243 2680 348 2729 ΟῬ.
429 2671 496 2729 οὗ
527 2675 904 2776 φευξόμεσθα·
932 2677 1068 2747 πυρὶ
1091 2673 1144 2731 δ’
1173 2673 1454 2747 ἀνάψομεν
1479 2675 1696 2748 δόμους.

240 2765 366 2813 ΜΕ.
423 2750 459 2830 ἧ
487 2757 591 2831 γὰρ
619 2766 872 2834 πατρῷον
900 2764 1055 2831 δωμα
1078 2759 1376 2832 πορθήσεις
1406 2760 1562 2827 τόδε;
1779 2771 1891 2815 1595

244 2850 347 2897 ΟΡ.
427 2866 498 2908 ως
523 2843 596 2915 μή
620 2842 672 2916 γ’
709 2850 830 2917 ἔχῃς
855 2843 925 2899 σύ
939 2841 1134 2915 ,τήνδ’
1165 2845 1459 2915 ἐπισφάξας
1486 2848 1638 2917 πυρί.
