2018 3117
800 89 1112 136 ΟΡΕΣΤΗΣ
1657 92 1757 142 265

300 222 550 298 θυγάτηρ
580 227 632 281 δ’
655 229 753 298 ἐμὴ
774 231 1006 286 θανοῦσ’
1032 236 1261 300 ἔπραξεν
1283 237 1492 287 ἔνδικα·

299 306 419 364 ἀλλ’
448 306 571 379 οὐχὶ
593 309 729 382 πρὸς
753 308 909 366 τοῦδ’
939 311 1082 375 εἰκὸς
1106 305 1177 382 ἦν
1201 310 1374 384 αὐτὴν
1398 322 1613 371 θανεῖν.

298 391 402 464 ἐγώ
429 393 490 448 δὲ
515 391 682 449 τᾶλλα
705 394 968 466 μακάριος
992 394 1198 465 πέφυκ’
1228 395 1384 469 ἀνήρ,
1671 415 1755 458 540

301 476 443 548 πλὴν
469 483 543 542 είς
568 481 904 549 θυγατέρας·
939 484 1098 534 τοῦτο
1127 477 1178 534 δ’
1208 478 1310 536 οὐκ
1337 478 1664 554 εὐδαιμονῶ.

109 568 221 618 ΧΟ.
289 560 522 632 ζηλωτὸς
548 557 694 626 ὅστις
713 559 1021 632 ηὐτύχησεν
1047 568 1121 627 εἰς
1148 566 1310 619 τέκνα

294 648 384 700 καὶ
410 645 482 716 μὴ
501 644 791 716 ’πισήμους
815 645 1102 717 συμφορὰς
1128 648 1400 719 ἐκτήσατο.

108 736 205 785 ΟΡ.
293 723 335 783 a}
360 733 548 800 γέρον,
576 730 682 801 ἐγώ
707 751 788 785 τοι
814 729 949 801 πρὸς
973 731 1034 785 σὲ
1059 735 1321 801 δειμαίνω
1347 736 1544 805 λέγειν,

295 811 437 869 ὅπου
464 836 526 884 γε
553 816 730 884 μέλλω
757 814 860 885 σήν
884 839 935 869 τι
961 815 1229 886 λυπήσειν
1254 818 1445 887 φρένα.
1677 831 1760 874 545

291 902 573 955 ἀπελθέτω
601 903 666 970 δὴ
694 913 807 965 τοῖς
832 905 1082 970 λόγοισιν
1112 903 1364 956 ἐκποδῶν
1676 915 1758 956 548

291 983 351 1038 τὸ
376 989 547 1053 γῆρας
570 984 702 1054 ἡμῖν
728 986 787 1038 τὸ
815 988 943 1053 σόν,
973 985 1002 1038 ὅ
1027 986 1085 1054 μ’
1116 987 1409 1055 ἐκπλήσσει
1436 987 1634 1054 λόγου,

294 1068 385 1120 καὶ
409 1067 543 1121 καθ’
571 1067 704 1121 ὁδὸν
732 1066 867 1136 εἶμι·
896 1073 1002 1121 νῦν
1022 1071 1081 1121 δὲ
1109 1069 1214 1138 σὴν
1233 1073 1418 1137 ταρβῶ
1445 1073 1618 1138 τρίχα.
1676 1081 1760 1121 55υ

296 1144 478 1220 ἐγῷδ’,
508 1150 729 1214 άνόσιός
757 1155 863 1220 εἰμι
889 1153 1092 1221 μητέρα
1118 1154 1358 1218 κτανών,
1677 1164 1758 1204 546

297 1233 445 1296 ὅσιος
472 1235 537 1287 δέ
555 1234 609 1301 γ’
638 1235 826 1303 ἕτερον
854 1233 1055 1303 ὄνομα,
1082 1241 1338 1302 τιμωρῶν
1364 1240 1545 1303 πατρί.
1678 1247 1757 1286 547

292 1320 348 1369 τί
368 1321 505 1384 χρῆν
530 1338 595 1385 με
622 1320 843 1385 ὃρᾶσαι;
872 1319 975 1370 δύο
1001 1318 1106 1386 γάρ
1134 1317 1356 1381 ἀντίθες
1382 1320 1524 1386 λόγω
1543 1339 1553 1350 ·
1675 1330 1751 1371 551

292 1400 470 1468 πατὴρ
497 1401 598 1468 μὲν
626 1400 935 1468 ἐφύτευσέν
961 1421 1052 1469 με,
1083 1401 1148 1469 σὴ
1178 1401 1228 1453 δ’
1258 1405 1431 1454 ἔτικτε
1457 1411 1609 1469 παῖς,

291 1484 351 1535 τὸ
381 1483 579 1551 σπέρμ’
608 1482 821 1551 ἄρουρα
840 1483 1224 1551 παραλαβοῦσ’
1253 1483 1427 1537 ἄλλον
1453 1484 1617 1551 πάρα.

296 1564 456 1634 [ἄνευ
484 1567 542 1617 δὲ
569 1585 771 1633 πατρος
795 1553 991 1619 τέκνον
1017 1566 1120 1620 οὐκ
1149 1572 1229 1634 εἰή
1257 1566 1377 1619 ποτ’
1408 1567 1521 1635 diu]

293 1647 626 1718 ἐλογισάμην
651 1643 755 1702 οὖν
782 1655 854 1717 τῶ
879 1650 1076 1717 γένους
1102 1648 1369 1720 ἀρχηγέτῃ
1675 1661 1756 1701 555

292 1732 520 1784 κάλλιον
547 1732 778 1801 άμυνεῖν
804 1739 898 1802 τῆς
923 1732 1235 1800 ὑποστάσης
1261 1734 1491 1800 τροφάς·

293 1813 325 1882 ἡ
356 1814 421 1882 σὴ
450 1816 509 1867 δὲ
533 1817 810 1884 θυγάτηρ,
839 1814 1024 1884 μητέρ’
1055 1817 1315 1883 αἰδοῦμαι
1341 1816 1549 1883 λέγειν,

295 1896 544 1950 ἀθέοισιν
569 1897 878 1967 ὑμεναίοισι
903 1897 1061 1966 κούχὶ
1088 1899 1374 1967 σώφροσιν

296 1983 372 2043 εἰς
402 1976 605 2050 ἀνδρὸς
633 1976 718 2050 ᾔει
749 1978 932 2053 λέκτρ’
952 1999 962 2009 ·
996 1982 1260 2051 ἐμαυτόν,
1292 1978 1362 2053 ἦν
1392 1984 1531 2053 λέγω

294 2069 474 2127 κακῶς
498 2066 744 2135 ἐκείνην,
777 2067 966 2135 ἐξερῶ·
999 2068 1133 2132 λέξω
1158 2063 1211 2120 δ’
1245 2063 1405 2139 ὅμως.
1668 2082 1751 2125 560

292 2155 563 2218 Αἴγισθος
591 2140 662 2220 ἦν
681 2152 738 2205 oc
751 2147 992 2219 κρυπτὸς
1022 2152 1082 2205 ἐν
1112 2149 1299 2222 δόμοις
1325 2151 1496 2216 πόσις.

292 2238 490 2287 τοῦτον
519 2230 842 2303 κατέκτειν’,
875 2235 962 2289 ἐπὶ
988 2231 1041 2289 δ’
1077 2240 1254 2290 ἔθυσα
1278 2237 1497 2306 μητέρα,

296 2311 488 2371 ἀνόσια
516 2316 617 2387 μὲν
649 2321 825 2388 δρῶν,
858 2315 995 2373 ἄλλα
1024 2324 1278 2390 τιμωρῶν
1308 2325 1487 2389 πατρί.

292 2396 382 2468 ἐφ’
413 2396 492 2464 οἷς
522 2398 574 2456 δ’
610 2398 850 2465 ἀπειλεῖς
877 2399 949 2467 ῶς
979 2408 1340 2473 πετρωθῆναί
1361 2425 1427 2474 με
1460 2407 1589 2474 χρή,

291 2477 531 2539 ἄκουσον
561 2482 633 2551 ῶς
658 2482 875 2541 ἅπασαν
897 2483 1109 2541 Ἑλλάδ’
1144 2484 1356 2556 ὠφελῶ.
1666 2501 1748 2546 565

292 2572 342 2622 εἰ
367 2566 470 2639 γὰρ
494 2583 752 2639 γυναῖκες
783 2575 858 2634 είς
885 2568 1001 2625 τόδ’
1035 2567 1261 2641 ἥξουσιν
1283 2571 1548 2642 θράσους,

290 2646 495 2722 ἄνδρας
526 2654 819 2723 φονεύειν,
844 2653 1165 2725 καταφυγὰς
1195 2655 1520 2726 ποιούμεναι

290 2739 365 2799 εἰς
395 2736 585 2806 τέκνα,
616 2751 836 2808 μαστοῖς
859 2736 956 2792 τὸν
987 2744 1140 2794 ἔλεον
1169 2739 1509 2810 θηρώμεναι,

289 2815 420 2887 παρ’
456 2815 624 2874 οὐδὲν
654 2818 843 2886 αὐταῖς
874 2814 943 2891 ἦν
973 2817 1040 2877 ὅέυ
1071 2819 1302 2878 ὀλλύναι
1333 2821 1519 2888 πόσεις
