<?xml version="1.0" encoding="UTF-8"?>
<!DOCTYPE html PUBLIC "-//W3C//DTD XHTML 1.0 Transitional//EN"
    "http://www.w3.org/TR/xhtml1/DTD/xhtml1-transitional.dtd">
<html xmlns="http://www.w3.org/1999/xhtml" xml:lang="en" lang="en">
 <head>
  <title>
</title>
<meta http-equiv="Content-Type" content="text/html;charset=utf-8" />
  <meta name='ocr-system' content='tesseract 3.04.00' />
  <meta name='ocr-capabilities' content='ocr_page ocr_carea ocr_par ocr_line ocrx_word'/>
</head>
<body>
  <div class='ocr_page' id='page_1' title='image "./euripidistragoe02euriuoft_0059.png"; bbox 0 0 2018 3117; ppageno 0'>
   <div class='ocr_carea' id='block_1_1' title="bbox 450 85 1716 142">
    <p class='ocr_par' dir='ltr' id='par_1_1' title="bbox 450 85 1716 142">
     <span class='ocr_line' id='line_1_1' title="bbox 450 85 1716 142; baseline -0.006 0"><span class='ocrx_word' id='word_1_1' title='bbox 450 95 824 142; x_wconf 85' lang='grc' dir='ltr'><em>ΙΦΙΓΕΝΕΙΑ</em></span> <span class='ocrx_word' id='word_1_2' title='bbox 860 95 915 139; x_wconf 88' lang='grc' dir='ltr'><em>Η</em></span> <span class='ocrx_word' id='word_1_3' title='bbox 947 94 1048 139; x_wconf 87' lang='lat' dir='ltr'><em>EN</em></span> <span class='ocrx_word' id='word_1_4' title='bbox 1079 92 1329 139; x_wconf 76' lang='lat' dir='ltr'><em>ATA1A1</em></span> <span class='ocrx_word' id='word_1_5' title='bbox 1682 85 1716 134; x_wconf 83' lang='grc'>9</span> 
     </span>
    </p>
   </div>
   <div class='ocr_carea' id='block_1_2' title="bbox 247 229 1739 2916">
    <p class='ocr_par' dir='ltr' id='par_1_2' title="bbox 247 229 1046 392">
     <span class='ocr_line' id='line_1_2' title="bbox 266 229 1046 304; baseline -0.005 -14"><span class='ocrx_word' id='word_1_6' title='bbox 266 232 348 290; x_wconf 78' lang='grc' dir='ltr'><em>ὅτ’</em></span> <span class='ocrx_word' id='word_1_7' title='bbox 378 235 465 290; x_wconf 84' lang='grc' dir='ltr'><em>ε’πὶ</em></span> <span class='ocrx_word' id='word_1_8' title='bbox 490 239 804 304; x_wconf 73' lang='grc' dir='ltr'><em>κρηναίαισι</em></span> <span class='ocrx_word' id='word_1_9' title='bbox 830 229 1046 303; x_wconf 76' lang='grc' dir='ltr'><em>δρόσοις</em></span> 
     </span>
     <span class='ocr_line' id='line_1_3' title="bbox 247 313 1024 392; baseline -0.006 -18"><span class='ocrx_word' id='word_1_10' title='bbox 247 315 390 392; x_wconf 64' lang='grc' dir='ltr'><em>’Ήρςι</em></span> <span class='ocrx_word' id='word_1_11' title='bbox 411 318 662 372; x_wconf 92' lang='grc' dir='ltr'><em>Παλλάδι</em></span> <span class='ocrx_word' id='word_1_12' title='bbox 686 313 736 371; x_wconf 79' lang='grc' dir='ltr'><em>τ’</em></span> <span class='ocrx_word' id='word_1_13' title='bbox 764 322 881 386; x_wconf 83' lang='grc' dir='ltr'><em>ἔριν</em></span> <span class='ocrx_word' id='word_1_14' title='bbox 907 321 1024 385; x_wconf 83' lang='grc' dir='ltr'><em>ἔριν</em></span> 
     </span>
    </p>

    <p class='ocr_par' dir='ltr' id='par_1_3' title="bbox 267 399 979 474">
     <span class='ocr_line' id='line_1_4' title="bbox 267 399 979 474; baseline -0.007 -16"><span class='ocrx_word' id='word_1_15' title='bbox 267 409 483 474; x_wconf 80' lang='grc' dir='ltr'><em>μορφᾶς</em></span> <span class='ocrx_word' id='word_1_16' title='bbox 508 399 542 456; x_wconf 77' lang='grc' dir='ltr'><strong><em>ἆ</em></strong></span> <span class='ocrx_word' id='word_1_17' title='bbox 563 399 781 470; x_wconf 81' lang='grc' dir='ltr'><em>Κύπρις</em></span> <span class='ocrx_word' id='word_1_18' title='bbox 807 405 979 469; x_wconf 81' lang='grc' dir='ltr'><em>ἔσχεν.</em></span> 
     </span>
    </p>

    <p class='ocr_par' dir='ltr' id='par_1_4' title="bbox 268 477 1727 642">
     <span class='ocr_line' id='line_1_5' title="bbox 269 477 1727 554; baseline -0.008 -12"><span class='ocrx_word' id='word_1_19' title='bbox 269 486 592 542; x_wconf 77' lang='grc' dir='ltr'><em>πολύθυτον</em></span> <span class='ocrx_word' id='word_1_20' title='bbox 617 484 677 539; x_wconf 76' lang='grc' dir='ltr'><em>δὲ</em></span> <span class='ocrx_word' id='word_1_21' title='bbox 703 481 777 538; x_wconf 84' lang='grc' dir='ltr'><em>δι’</em></span> <span class='ocrx_word' id='word_1_22' title='bbox 806 481 967 546; x_wconf 69' lang='grc' dir='ltr'><em>ἄλσος</em></span> <span class='ocrx_word' id='word_1_23' title='bbox 995 478 1119 554; x_wconf 81' lang='grc' dir='ltr'><em>Ἀρ-</em></span> <span class='ocrx_word' id='word_1_24' title='bbox 1481 477 1597 532; x_wconf 77' lang='grc' dir='ltr'><em>ἀντ.</em></span> <span class='ocrx_word' id='word_1_25' title='bbox 1648 489 1727 532; x_wconf 80' lang='lat'><em>185</em></span> 
     </span>
     <span class='ocr_line' id='line_1_6' title="bbox 268 564 999 642; baseline -0.007 -17"><span class='ocrx_word' id='word_1_26' title='bbox 268 573 483 642; x_wconf 79' lang='grc' dir='ltr'><em>τέμιδος</em></span> <span class='ocrx_word' id='word_1_27' title='bbox 509 566 722 641; x_wconf 79' lang='grc' dir='ltr'><em>ἤλυθον</em></span> <span class='ocrx_word' id='word_1_28' title='bbox 746 564 999 638; x_wconf 83' lang='grc' dir='ltr'><em>ὀρομένα,</em></span> 
     </span>
    </p>

    <p class='ocr_par' dir='ltr' id='par_1_5' title="bbox 272 649 1019 725">
     <span class='ocr_line' id='line_1_7' title="bbox 272 649 1019 725; baseline -0.008 -14"><span class='ocrx_word' id='word_1_29' title='bbox 272 661 634 725; x_wconf 83' lang='grc' dir='ltr'><em>φοινίσσουσα</em></span> <span class='ocrx_word' id='word_1_30' title='bbox 652 649 853 723; x_wconf 79' lang='grc' dir='ltr'><em>παρῇδ’</em></span> <span class='ocrx_word' id='word_1_31' title='bbox 884 649 1019 722; x_wconf 79' lang='grc' dir='ltr'><em>ἐμὰν</em></span> 
     </span>
    </p>

    <p class='ocr_par' dir='ltr' id='par_1_6' title="bbox 270 739 803 811">
     <span class='ocr_line' id='line_1_8' title="bbox 270 739 803 811; baseline -0.008 -17"><span class='ocrx_word' id='word_1_32' title='bbox 270 739 504 811; x_wconf 74' lang='grc' dir='ltr'><em>αἰσχύνᾳ</em></span> <span class='ocrx_word' id='word_1_33' title='bbox 528 742 803 805; x_wconf 85' lang='grc' dir='ltr'><em>νεοθαλεῖ,</em></span> 
     </span>
    </p>

    <p class='ocr_par' dir='ltr' id='par_1_7' title="bbox 270 820 1056 892">
     <span class='ocr_line' id='line_1_9' title="bbox 270 820 1056 892; baseline -0.006 -14"><span class='ocrx_word' id='word_1_34' title='bbox 270 820 498 886; x_wconf 75' lang='grc' dir='ltr'><em>ἀσπίδος</em></span> <span class='ocrx_word' id='word_1_35' title='bbox 524 828 696 892; x_wconf 82' lang='grc' dir='ltr'><em>ἔρυμα</em></span> <span class='ocrx_word' id='word_1_36' title='bbox 721 822 813 875; x_wconf 83' lang='grc' dir='ltr'><em>καὶ</em></span> <span class='ocrx_word' id='word_1_37' title='bbox 844 823 1056 884; x_wconf 79' lang='grc' dir='ltr'><em>κλισίας</em></span> 
     </span>
    </p>

    <p class='ocr_par' dir='ltr' id='par_1_8' title="bbox 273 899 1728 1060">
     <span class='ocr_line' id='line_1_10' title="bbox 273 899 1728 978; baseline -0.006 -16"><span class='ocrx_word' id='word_1_38' title='bbox 273 903 625 978; x_wconf 79' lang='grc' dir='ltr'><em>ὁπλοφόρους</em></span> <span class='ocrx_word' id='word_1_39' title='bbox 650 910 894 960; x_wconf 75' lang='grc' dir='ltr'><em>Δαναῶν</em></span> <span class='ocrx_word' id='word_1_40' title='bbox 921 899 1139 958; x_wconf 65' lang='grc' dir='ltr'><em>θέλουσ2</em></span> <span class='ocrx_word' id='word_1_41' title='bbox 1648 910 1728 954; x_wconf 82' lang='grc'><em>190</em></span> 
     </span>
     <span class='ocr_line' id='line_1_11' title="bbox 273 986 981 1060; baseline -0.007 -14"><span class='ocrx_word' id='word_1_42' title='bbox 273 995 456 1046; x_wconf 79' lang='grc' dir='ltr'><em>ἵππων</em></span> <span class='ocrx_word' id='word_1_43' title='bbox 481 988 528 1045; x_wconf 82' lang='grc' dir='ltr'><em>τ’</em></span> <span class='ocrx_word' id='word_1_44' title='bbox 558 986 721 1060; x_wconf 82' lang='grc' dir='ltr'><em>ὅχλον</em></span> <span class='ocrx_word' id='word_1_45' title='bbox 748 991 981 1044; x_wconf 79' lang='grc' dir='ltr'><em>ἰδέσθαι.</em></span> 
     </span>
    </p>

    <p class='ocr_par' dir='ltr' id='par_1_9' title="bbox 273 1072 1227 1140">
     <span class='ocr_line' id='line_1_12' title="bbox 273 1072 1227 1140; baseline -0.006 -10"><span class='ocrx_word' id='word_1_46' title='bbox 273 1079 526 1131; x_wconf 80' lang='grc' dir='ltr'><em>κατεῖδον</em></span> <span class='ocrx_word' id='word_1_47' title='bbox 551 1074 611 1129; x_wconf 77' lang='grc' dir='ltr'><em>δὲ</em></span> <span class='ocrx_word' id='word_1_48' title='bbox 629 1072 720 1129; x_wconf 85' lang='grc' dir='ltr'><em>δύ’</em></span> <span class='ocrx_word' id='word_1_49' title='bbox 747 1081 952 1129; x_wconf 78' lang='grc' dir='ltr'><em>Αἴαντε</em></span> <span class='ocrx_word' id='word_1_50' title='bbox 978 1072 1227 1140; x_wconf 84' lang='grc' dir='ltr'><em>συνέδρω</em></span> 
     </span>
    </p>

    <p class='ocr_par' dir='ltr' id='par_1_10' title="bbox 269 1151 1242 1229">
     <span class='ocr_line' id='line_1_13' title="bbox 269 1151 1242 1229; baseline -0.006 -15"><span class='ocrx_word' id='word_1_51' title='bbox 269 1158 366 1214; x_wconf 89' lang='grc' dir='ltr'><em>τὸν</em></span> <span class='ocrx_word' id='word_1_52' title='bbox 395 1151 598 1223; x_wconf 85' lang='grc' dir='ltr'><em>Οἰλέως</em></span> <span class='ocrx_word' id='word_1_53' title='bbox 631 1156 952 1229; x_wconf 77' lang='grc' dir='ltr'><em>Τελαμῶνός</em></span> <span class='ocrx_word' id='word_1_54' title='bbox 978 1179 1033 1211; x_wconf 92' lang='grc' dir='ltr'><em>τε</em></span> <span class='ocrx_word' id='word_1_55' title='bbox 1058 1154 1242 1225; x_wconf 78' lang='grc' dir='ltr'><em>γόνον,</em></span> 
     </span>
    </p>

    <p class='ocr_par' dir='ltr' id='par_1_11' title="bbox 275 1244 1047 1313">
     <span class='ocr_line' id='line_1_14' title="bbox 275 1244 1047 1313; baseline -0.006 -15"><span class='ocrx_word' id='word_1_56' title='bbox 275 1244 372 1298; x_wconf 83' lang='grc' dir='ltr'><em>τὸν</em></span> <span class='ocrx_word' id='word_1_57' title='bbox 405 1251 715 1313; x_wconf 86' lang='grc' dir='ltr'><em>Σαλαμῖνος</em></span> <span class='ocrx_word' id='word_1_58' title='bbox 750 1245 1047 1313; x_wconf 73' lang='grc' dir='ltr'><em>στέφανον,</em></span> 
     </span>
    </p>

    <p class='ocr_par' dir='ltr' id='par_1_12' title="bbox 270 1324 1732 1482">
     <span class='ocr_line' id='line_1_15' title="bbox 270 1324 1732 1400; baseline -0.007 -17"><span class='ocrx_word' id='word_1_59' title='bbox 270 1326 660 1400; x_wconf 80' lang='grc' dir='ltr'><em>Πρωτεσίλαον</em></span> <span class='ocrx_word' id='word_1_60' title='bbox 684 1325 731 1382; x_wconf 80' lang='grc' dir='ltr'><em>τ’</em></span> <span class='ocrx_word' id='word_1_61' title='bbox 763 1328 850 1381; x_wconf 79' lang='grc' dir='ltr'><em>ἐπὶ</em></span> <span class='ocrx_word' id='word_1_62' title='bbox 873 1324 1068 1387; x_wconf 79' lang='grc' dir='ltr'><em>θάκοις</em></span> <span class='ocrx_word' id='word_1_63' title='bbox 1654 1331 1732 1374; x_wconf 81' lang='lat'><em>195</em></span> 
     </span>
     <span class='ocr_line' id='line_1_16' title="bbox 273 1408 981 1482; baseline -0.004 -15"><span class='ocrx_word' id='word_1_64' title='bbox 273 1418 490 1468; x_wconf 76' lang='grc' dir='ltr'><em>πεσσῶν</em></span> <span class='ocrx_word' id='word_1_65' title='bbox 515 1408 818 1482; x_wconf 79' lang='grc' dir='ltr'><em>ἡδομένους</em></span> <span class='ocrx_word' id='word_1_66' title='bbox 845 1433 981 1481; x_wconf 80' lang='grc' dir='ltr'><em>,ιιορ-</em></span> 
     </span>
    </p>

    <p class='ocr_par' dir='ltr' id='par_1_13' title="bbox 275 1494 838 1568">
     <span class='ocr_line' id='line_1_17' title="bbox 275 1494 838 1568; baseline -0.002 -18"><span class='ocrx_word' id='word_1_67' title='bbox 275 1510 430 1568; x_wconf 80' lang='grc' dir='ltr'><em>φαῖσι</em></span> <span class='ocrx_word' id='word_1_68' title='bbox 455 1494 838 1564; x_wconf 72' lang='grc' dir='ltr'><em>πολυπλόκοις,</em></span> 
     </span>
    </p>

    <p class='ocr_par' dir='ltr' id='par_1_14' title="bbox 271 1571 1392 1651">
     <span class='ocr_line' id='line_1_18' title="bbox 271 1571 1392 1651; baseline -0.006 -16"><span class='ocrx_word' id='word_1_69' title='bbox 271 1578 609 1651; x_wconf 72' lang='grc' dir='ltr'><em>Παλαμήδεά</em></span> <span class='ocrx_word' id='word_1_70' title='bbox 634 1576 716 1648; x_wconf 84' lang='grc' dir='ltr'><em>θ’,</em></span> <span class='ocrx_word' id='word_1_71' title='bbox 753 1575 819 1633; x_wconf 80' lang='grc' dir='ltr'><em>ὃν</em></span> <span class='ocrx_word' id='word_1_72' title='bbox 843 1581 964 1634; x_wconf 88' lang='grc' dir='ltr'><em>τέκε</em></span> <span class='ocrx_word' id='word_1_73' title='bbox 989 1587 1115 1640; x_wconf 86' lang='grc' dir='ltr'><em>παῖς</em></span> <span class='ocrx_word' id='word_1_74' title='bbox 1139 1571 1166 1630; x_wconf 81' lang='grc' dir='ltr'>ὅ</span> <span class='ocrx_word' id='word_1_75' title='bbox 1192 1580 1392 1629; x_wconf 78' lang='grc' dir='ltr'><em>Ποσει-</em></span> 
     </span>
    </p>

    <p class='ocr_par' dir='ltr' id='par_1_15' title="bbox 274 1659 1031 1735">
     <span class='ocr_line' id='line_1_19' title="bbox 274 1659 1031 1735; baseline -0.005 -15"><span class='ocrx_word' id='word_1_76' title='bbox 274 1669 465 1734; x_wconf 78' lang='grc' dir='ltr'><em>δᾶνος,</em></span> <span class='ocrx_word' id='word_1_77' title='bbox 494 1662 777 1735; x_wconf 86' lang='grc' dir='ltr'><em>Διομήδεά</em></span> <span class='ocrx_word' id='word_1_78' title='bbox 805 1661 867 1718; x_wconf 84' lang='grc' dir='ltr'><em>θ’</em></span> <span class='ocrx_word' id='word_1_79' title='bbox 897 1659 1031 1733; x_wconf 79' lang='grc' dir='ltr'><em>ἡδο-</em></span> 
     </span>
    </p>

    <p class='ocr_par' dir='ltr' id='par_1_16' title="bbox 274 1749 1736 1905">
     <span class='ocr_line' id='line_1_20' title="bbox 274 1749 1736 1819; baseline -0.007 -14"><span class='ocrx_word' id='word_1_80' title='bbox 274 1763 392 1813; x_wconf 88' lang='grc' dir='ltr'><em>ναῖς</em></span> <span class='ocrx_word' id='word_1_81' title='bbox 419 1753 612 1804; x_wconf 88' lang='grc' dir='ltr'><em>δίσκου</em></span> <span class='ocrx_word' id='word_1_82' title='bbox 637 1749 1025 1819; x_wconf 81' lang='grc' dir='ltr'><em>κεχαρημένον,</em></span> <span class='ocrx_word' id='word_1_83' title='bbox 1655 1754 1736 1795; x_wconf 70' lang='grc'><strong>’200</strong></span> 
     </span>
     <span class='ocr_line' id='line_1_21' title="bbox 275 1829 1062 1905; baseline -0.006 -16"><span class='ocrx_word' id='word_1_84' title='bbox 275 1831 421 1905; x_wconf 76' lang='grc' dir='ltr'><em>παρὰ</em></span> <span class='ocrx_word' id='word_1_85' title='bbox 447 1833 507 1889; x_wconf 74' lang='grc' dir='ltr'><em>δὲ</em></span> <span class='ocrx_word' id='word_1_86' title='bbox 534 1832 850 1905; x_wconf 55' lang='grc' dir='ltr'><em>ᾼῊηριόνην,</em></span> <span class='ocrx_word' id='word_1_87' title='bbox 869 1829 1062 1902; x_wconf 62' lang='grc' dir='ltr'><em>’Ἄρεος</em></span> 
     </span>
    </p>

    <p class='ocr_par' dir='ltr' id='par_1_17' title="bbox 274 1915 932 1989">
     <span class='ocr_line' id='line_1_22' title="bbox 274 1915 932 1989; baseline -0.005 -15"><span class='ocrx_word' id='word_1_88' title='bbox 274 1915 425 1987; x_wconf 73' lang='grc' dir='ltr'><em>ὄζον,</em></span> <span class='ocrx_word' id='word_1_89' title='bbox 454 1923 645 1988; x_wconf 88' lang='grc' dir='ltr'><em>θαῦμα</em></span> <span class='ocrx_word' id='word_1_90' title='bbox 669 1924 932 1989; x_wconf 80' lang='grc' dir='ltr'><em>βροτοῖσι,</em></span> 
     </span>
    </p>

    <p class='ocr_par' dir='ltr' id='par_1_18' title="bbox 275 1997 1055 2072">
     <span class='ocr_line' id='line_1_23' title="bbox 275 1997 1055 2072; baseline -0.006 -14"><span class='ocrx_word' id='word_1_91' title='bbox 275 2001 370 2059; x_wconf 83' lang='grc' dir='ltr'><em>τὸν</em></span> <span class='ocrx_word' id='word_1_92' title='bbox 395 1999 499 2057; x_wconf 81' lang='grc' dir='ltr'><em>ἆπὸ</em></span> <span class='ocrx_word' id='word_1_93' title='bbox 533 2008 774 2072; x_wconf 83' lang='grc' dir='ltr'><em>νησαίων</em></span> <span class='ocrx_word' id='word_1_94' title='bbox 801 1998 849 2056; x_wconf 82' lang='grc' dir='ltr'><em>τ’</em></span> <span class='ocrx_word' id='word_1_95' title='bbox 880 1997 1055 2071; x_wconf 86' lang='grc' dir='ltr'><em>ὀρέων</em></span> 
     </span>
    </p>

    <p class='ocr_par' dir='ltr' id='par_1_19' title="bbox 273 2083 1060 2159">
     <span class='ocr_line' id='line_1_24' title="bbox 273 2083 1060 2159; baseline -0.008 -16"><span class='ocrx_word' id='word_1_96' title='bbox 273 2089 488 2159; x_wconf 86' lang='grc' dir='ltr'><em>Λαέρτα</em></span> <span class='ocrx_word' id='word_1_97' title='bbox 513 2086 704 2156; x_wconf 89' lang='grc' dir='ltr'><em>τόκον,</em></span> <span class='ocrx_word' id='word_1_98' title='bbox 733 2083 840 2156; x_wconf 72' lang='grc' dir='ltr'><em>ἅμα</em></span> <span class='ocrx_word' id='word_1_99' title='bbox 866 2085 927 2140; x_wconf 73' lang='grc' dir='ltr'><em>δὲ</em></span> <span class='ocrx_word' id='word_1_100' title='bbox 952 2091 1060 2139; x_wconf 88' lang='grc' dir='ltr'><em>Νι-</em></span> 
     </span>
    </p>

    <p class='ocr_par' dir='ltr' id='par_1_20' title="bbox 276 2167 1736 2327">
     <span class='ocr_line' id='line_1_25' title="bbox 276 2167 1736 2244; baseline -0.008 -17"><span class='ocrx_word' id='word_1_101' title='bbox 276 2179 370 2244; x_wconf 82' lang='grc' dir='ltr'><em>ρῆ,</em></span> <span class='ocrx_word' id='word_1_102' title='bbox 429 2170 718 2227; x_wconf 88' lang='grc' dir='ltr'><em>κάλλιστον</em></span> <span class='ocrx_word' id='word_1_103' title='bbox 744 2167 1001 2240; x_wconf 73' lang='grc' dir='ltr'><em>Ἀχαιῶν·</em></span> <span class='ocrx_word' id='word_1_104' title='bbox 1658 2175 1736 2216; x_wconf 74' lang='lat'><em>205</em></span> 
     </span>
     <span class='ocr_line' id='line_1_26' title="bbox 276 2253 958 2327; baseline -0.001 -17"><span class='ocrx_word' id='word_1_105' title='bbox 276 2256 372 2312; x_wconf 84' lang='grc' dir='ltr'><em>τὸν</em></span> <span class='ocrx_word' id='word_1_106' title='bbox 398 2253 658 2327; x_wconf 87' lang='grc' dir='ltr'><em>ἰσάνεμόν</em></span> <span class='ocrx_word' id='word_1_107' title='bbox 681 2277 738 2310; x_wconf 88' lang='grc' dir='ltr'><em>τε</em></span> <span class='ocrx_word' id='word_1_108' title='bbox 763 2259 958 2310; x_wconf 89' lang='grc' dir='ltr'><em>ποδοῖν</em></span> 
     </span>
    </p>

    <p class='ocr_par' dir='ltr' id='par_1_21' title="bbox 280 2337 988 2412">
     <span class='ocr_line' id='line_1_27' title="bbox 280 2337 988 2412; baseline -0.004 -17"><span class='ocrx_word' id='word_1_109' title='bbox 280 2339 724 2412; x_wconf 82' lang='grc' dir='ltr'><em>λαιψηροδρόμον</em></span> <span class='ocrx_word' id='word_1_110' title='bbox 754 2337 988 2410; x_wconf 70' lang='grc' dir='ltr'><em>Ἀχιλῆα,</em></span> 
     </span>
    </p>

    <p class='ocr_par' dir='ltr' id='par_1_22' title="bbox 279 2422 870 2490">
     <span class='ocr_line' id='line_1_28' title="bbox 279 2422 870 2490; baseline -0.003 -10"><span class='ocrx_word' id='word_1_111' title='bbox 279 2423 372 2481; x_wconf 83' lang='grc' dir='ltr'><em>τὸν</em></span> <span class='ocrx_word' id='word_1_112' title='bbox 398 2422 430 2480; x_wconf 75' lang='lat' dir='ltr'><em>c‘c</em></span> <span class='ocrx_word' id='word_1_113' title='bbox 456 2427 609 2490; x_wconf 84' lang='grc' dir='ltr'><em>Θέτις</em></span> <span class='ocrx_word' id='word_1_114' title='bbox 635 2424 755 2479; x_wconf 87' lang='grc' dir='ltr'><em>τέκε</em></span> <span class='ocrx_word' id='word_1_115' title='bbox 779 2425 870 2478; x_wconf 86' lang='grc' dir='ltr'><em>καὶ</em></span> 
     </span>
    </p>

    <p class='ocr_par' dir='ltr' id='par_1_23' title="bbox 279 2507 860 2581">
     <span class='ocr_line' id='line_1_29' title="bbox 279 2507 860 2581; baseline -0.009 -15"><span class='ocrx_word' id='word_1_116' title='bbox 279 2515 494 2581; x_wconf 88' lang='grc' dir='ltr'><em>Χείρων</em></span> <span class='ocrx_word' id='word_1_117' title='bbox 518 2507 860 2577; x_wconf 76' lang='grc' dir='ltr'><em>ἐξεπόνεισεν,</em></span> 
     </span>
    </p>

    <p class='ocr_par' dir='ltr' id='par_1_24' title="bbox 279 2593 1739 2828">
     <span class='ocr_line' id='line_1_30' title="bbox 282 2593 1739 2666; baseline -0.009 -17"><span class='ocrx_word' id='word_1_118' title='bbox 282 2593 427 2650; x_wconf 83' lang='grc' dir='ltr'><em>εἶδον</em></span> <span class='ocrx_word' id='word_1_119' title='bbox 453 2599 746 2666; x_wconf 80' lang='grc' dir='ltr'><em>αἰγιαλοῖσι</em></span> <span class='ocrx_word' id='word_1_120' title='bbox 1658 2595 1739 2636; x_wconf 73' lang='lat'><em>*210</em></span> 
     </span>
     <span class='ocr_line' id='line_1_31' title="bbox 279 2666 1654 2750; baseline -0.009 -16"><span class='ocrx_word' id='word_1_121' title='bbox 279 2676 424 2750; x_wconf 84' lang='grc' dir='ltr'><em>παρά</em></span> <span class='ocrx_word' id='word_1_122' title='bbox 457 2701 513 2733; x_wconf 92' lang='grc' dir='ltr'><em>τε</em></span> <span class='ocrx_word' id='word_1_123' title='bbox 548 2676 838 2749; x_wconf 85' lang='grc' dir='ltr'><em>κροκάλαις</em></span> <span class='ocrx_word' id='word_1_124' title='bbox 864 2675 1071 2747; x_wconf 89' lang='grc' dir='ltr'><em>δρόμον</em></span> <span class='ocrx_word' id='word_1_125' title='bbox 1098 2680 1287 2745; x_wconf 83' lang='grc' dir='ltr'><em>ἔχοντα</em></span> <span class='ocrx_word' id='word_1_126' title='bbox 1313 2669 1418 2726; x_wconf 76' lang='grc' dir='ltr'><em>σὺν</em></span> <span class='ocrx_word' id='word_1_127' title='bbox 1443 2666 1654 2731; x_wconf 79' lang='grc' dir='ltr'><em>ὅπλοις·</em></span> 
     </span>
     <span class='ocr_line' id='line_1_32' title="bbox 279 2759 1026 2828; baseline -0.004 -11"><span class='ocrx_word' id='word_1_128' title='bbox 279 2759 512 2828; x_wconf 77' lang='grc' dir='ltr'><em>ἅμιλλαν</em></span> <span class='ocrx_word' id='word_1_129' title='bbox 538 2759 590 2817; x_wconf 88' lang='grc' dir='ltr'><em>δ’</em></span> <span class='ocrx_word' id='word_1_130' title='bbox 621 2759 805 2816; x_wconf 85' lang='grc' dir='ltr'><em>ἐπόνει</em></span> <span class='ocrx_word' id='word_1_131' title='bbox 830 2764 1026 2815; x_wconf 87' lang='grc' dir='ltr'><em>ποδοῖν</em></span> 
     </span>
    </p>

    <p class='ocr_par' dir='ltr' id='par_1_25' title="bbox 282 2843 885 2916">
     <span class='ocr_line' id='line_1_33' title="bbox 282 2843 885 2916; baseline 0 -16"><span class='ocrx_word' id='word_1_132' title='bbox 282 2849 416 2914; x_wconf 88' lang='grc' dir='ltr'><em>πρὸς</em></span> <span class='ocrx_word' id='word_1_133' title='bbox 444 2843 586 2916; x_wconf 74' lang='grc' dir='ltr'><em>ἅρμα</em></span> <span class='ocrx_word' id='word_1_134' title='bbox 612 2847 885 2916; x_wconf 81' lang='grc' dir='ltr'><em>τέτρωρον</em></span> 
     </span>
    </p>
   </div>
  </div>
 </body>
</html>
