2018 3117
847 145 1136 191 MHAEIA
1704 132 1804 183 205

343 296 521 363 [τοῖσδ
569 311 638 342 αν
620 284 996 379 προσάντης·
1026 281 1136 351 εἰμὶ
1161 275 1213 335 δ’
1234 278 1335 332 οὐκ
1357 277 1499 346 άγαν
1519 277 1681 345 σοφή.
1687 279 1807 346 ]305

350 373 421 431 σὺ
453 370 505 428 δ’
534 364 608 427 αὖ
620 343 801 441 φοβεῖ
823 385 915 439 με·
949 366 1020 436 μή
1049 388 1100 419 τι
1127 360 1431 463 πλημμελες
1459 359 1673 431 mistus-3

360 455 461 528 οὐχ
495 448 595 511 εὗδ’
627 461 734 525 ἔχει
759 475 877 523 μοι,
907 448 979 521 μὴ
1005 450 1198 519 τρέσῃς
1221 445 1388 517 ἡμᾶς,
1419 445 1619 516 Κρέον,

353 538 483 597 ὥστ’
520 546 594 605 εἰς
618 538 927 640 τυράννους
950 530 1156 602 ἄνδρας
1181 528 1588 601 ἐξαμαρτάνειν.

353 632 410 682 τί
435 624 538 697 γὰρ
565 623 634 679 σύ
658 619 715 694 μ’
745 618 1042 692 ἠδίκηκας·
1029 660 1043 683 ,
1075 617 1263 681 ἐξέδου
1289 614 1461 684 κόρην

357 708 464 766 ὅτω
489 729 551 764 σε
579 704 761 777 θυμὸς
784 706 934 775 ἠγεν.
963 697 1084 756 ἀλλ’
1114 697 1283 770 ἐμὸν
1270 698 1433 753 πόσιν
1730 707 1814 750 310

355 790 622 866 μισῶ·σύ
653 787 706 845 δ’
712 789 942 860 ,οἷμαι,
972 788 1284 856 σωφρονῶν
1310 786 1470 851 ἔδρας
1498 780 1644 836 τάδε.

358 880 451 934 καὶ
476 883 585 932 νῦν
607 873 666 931 τὸ
694 873 795 944 μὲν
819 870 920 927 σὸν
950 867 1016 925 οὐ
1044 872 1245 941 φθονῶ
1270 871 1449 929 καλῶς
1475 870 1635 934 ἔχειν.

361 955 688 1055 νυμφεύετ’,
716 959 779 1013 εὐ
805 954 1124 1028 πράσσοιτε·
1150 951 1314 1022 τήνδε
1344 949 1405 1004 δε
1433 948 1611 1049 χθόνα

363 1048 486 1103 ἐᾶτέ
507 1042 567 1117 μ’
582 1032 795 1100 οἰκεῖν·
830 1041 922 1096 καὶ
951 1037 1055 1110 γὰρ
1081 1033 1402 1108 ἠδικημένοι

362 1129 764 1202 σιγησόμεσθα,
790 1123 1129 1196 κρεισσόνων
1151 1119 1462 1190 νικώμενοι.
1737 1130 1819 1173 315

177 1225 280 1275 KP.
357 1218 533 1287 λέγεις
557 1211 789 1269 ἀκοῦσαι
815 1204 1078 1282 μαλθάκ’,
1106 1202 1226 1261 ἀλλ’
1264 1213 1390 1259 εἵσω
1500 1207 1641 1259 ενῶν

363 1298 607 1372 ὀρρωδία
632 1319 723 1367 μοι
747 1294 819 1366 μή
845 1318 894 1349 τι
919 1291 1191 1364 βουλεύῃς
1212 1288 1402 1358 κακόν,

365 1388 573 1458 τοσῷδε
598 1378 650 1437 δ’
680 1382 851 1451 ἡσσον
875 1374 909 1448 ἢ
934 1376 1105 1446 πάρος
1135 1371 1377 1429 πέποιθά
1405 1388 1515 1426 σοι·

365 1466 508 1539 γυνὴ
540 1465 643 1537 γὰρ
671 1462 980 1533 ὀξύθυμος,
1010 1457 1080 1525 ῶς
1107 1455 1164 1514 δ’
1193 1479 1371 1520 αυτως
1396 1452 1552 1527 ἀνήρ,

369 1553 518 1625 ῥᾴων
550 1515 916 1621 (ἶυλάσσειν
882 1570 914 1617 η
945 1541 1250 1642 σιωπηλὸς
1246 1539 1433 1612 σοφός.
1741 1550 1825 1592 320

370 1633 490 1692 ἄλλ
527 1631 666 1701 ἔξιθ’
703 1630 774 1696 ῶς
804 1632 1051 1702 τάχιστα,
1082 1626 1153 1698 μὴ
1183 1611 1382 1696 λογους
1413 1624 1563 1693 λε’γε’

165 1706 239 1806 μέ
368 1718 439 1785 ῶς
464 1716 617 1775 ταῦτ’
653 1711 850 1825 άέᾷζρὲ,
859 1703 1020 1770 Ῠκούκ
1050 1719 1186 1783 ἔχεις
1215 1712 1409 1780 τέχνην
1433 1703 1578 1771 ὅπως

369 1817 550 1877 μενεῖς
575 1826 684 1874 παρ
738 1814 869 1872 ημῖν
923 1790 1061 1854 οὖσα
1087 1791 1360 1866 δυσμενὴς
1381 1794 1519 1873 ἐμοί.

185 1897 320 1948 ΜΗ.
374 1890 446 1960 μή
463 1933 476 1959 ,
508 1889 643 1960 πρός
668 1907 729 1941 σε
726 1873 1002 1986 Ᾱγονάῖων
1027 1888 1120 1953 τῆς
1149 1902 1207 1935 τε
1229 1875 1505 1948 νεογάμου
1533 1874 1713 1946 κόρης

0 1948 204 2023 „stow
815 1951 881 1982 ’ω
931 1964 943 1985 ’
1746 1972 1826 2014 325

87 2051 103 2057 „
183 1982 292 2032 ΚΡ.
369 1973 431 2029 λό
472 1996 567 2036 ους
595 1944 817 2033 ἀναλοῖς
831 1987 842 1998 ·
880 1990 947 2024 ου
973 1966 1076 2039 γὰρ
1107 1961 1213 2021 οὖν
1239 1968 1443 2026 πεισεις
1470 1964 1615 2017 ποτέ.

184 2065 322 2116 ΜΗ.
372 2055 492 2112 ἄλλ’
523 2060 704 2129 ἐξελᾷς
734 2077 799 2125 με
829 2050 1032 2108 κούδεν
1056 2051 1260 2106 αἰδέσει
1289 2045 1465 2111 λιτάς,

184 2150 295 2199 ΚΡ.
369 2148 513 2214 φιλῶ
540 2140 644 2212 γὰρ
675 2136 741 2194 οὐ
771 2137 831 2193 σε
854 2143 1061 2207 μᾶλλον
1089 2131 1123 2206 ἢ
1149 2133 1352 2204 δόμους
1379 2127 1556 2200 ἐμούς.

185 2233 323 2283 ΜΗ.
372 2228 413 2280 ῶ
444 2231 637 2296 πατρίς
649 2267 662 2294 ,
691 2221 763 2287 ῶς
787 2240 890 2277 σου
915 2221 1085 2292 κάρτα
1110 2210 1218 2275 νῦν
1241 2221 1436 2288 μνείαν
1460 2219 1580 2283 ἔχω.

187 2318 297 2368 ΚΡ.
370 2309 513 2380 πλὴν
542 2308 645 2381 γὰρ
670 2309 880 2363 τέκνων
910 2312 1091 2376 ἔμοιγε
1122 2309 1385 2375 φίλτατον
1411 2297 1581 2361 πόλις.

186 2402 326 2452 ΜΗ.
375 2399 482 2464 φεῦ
513 2399 648 2464 φεῦ,
680 2399 897 2464 βροτοῖς
928 2396 1123 2495 ἔρωτες
1152 2384 1222 2450 ῶς
1251 2382 1424 2441 κακὸν
1452 2383 1604 2452 μέγα.
1748 2390 1832 2434 330

189 2485 300 2535 ΚΡ.
379 2475 524 2542 ὅπως
546 2476 643 2547 άν,
677 2477 854 2547 οἶμαι,
883 2475 974 2529 καὶ
960 2475 1349 2574 παραστῶσιν
1378 2465 1550 2555 τύχαι.

189 2569 330 2620 ΜΗ.
379 2568 515 2664 Ζεῦ,9
543 2560 615 2632 μὴ
640 2561 806 2616 λάθοι
837 2576 896 2613 σε
925 2534 1095 2611 τῶνδ’
1126 2554 1185 2618 ὀς
1215 2561 1383 2615 αἴτιος
1409 2527 1614 2605 κακῶν.

190 2654 301 2704 ΚΡ.
377 2644 500 2717 ξ”ρπ
534 2648 575 2700 a}
602 2650 828 2716 ματαία,
860 2647 956 2696 καί
980 2664 1017 2710 μ
1025 2637 1372 2703 ’ἀπάλλαξον
1396 2633 1593 2690 πόνων

191 2738 330 2787 ΜΗ.
379 2691 1531 2800 ποῖῳμευηῑαῖῖῖἲιῖὗῗιπᾶῖῖεῖῆἶεῖῆ

194 2821 304 2870 ΚΡ.
380 2810 499 2902 τάχ’
533 2815 584 2879 ἐξ
614 2809 839 2868 ὀπαδῶν
860 2806 1039 2880 χειρὸς
1069 2804 1310 2876 ῶσθησει
1334 2810 1445 2877 βία.
1753 2810 1835 2853 335

205 2904 333 2954 MR.
376 2896 452 2968 μὴ
477 2899 614 2967 δῆτα
636 2894 799 2951 τοῦτό
828 2891 882 2964 γ’
889 2935 904 2958 ,
931 2889 1068 2948 ἀλλά
1091 2887 1142 2945 σ’
1171 2894 1454 2959 αἰτοῦμαι,
1483 2882 1666 2954 Κρέον
1701 2913 1759 2922 -
1779 2909 1871 2960 *⁴³
1889 2872 2018 2940 ...εἰ

672 2955 1040 3077 Τηῑ.

770 3055 875 3105 μή
