2018 3117
242 115 344 166 270

260 1869 362 1920 ΟΡ.

266 2883 381 2932 ΠΤ.

884 113 1201 158 ΟΡΕΣΤΗΣ

438 259 487 310 εἰ
507 250 560 309 δ’
586 249 801 323 ἡσύχως
825 273 904 314 τις
929 246 1094 313 αὐτὸς
1118 251 1415 304 ἐντείνοντι
1437 254 1539 321 μὲν

436 342 619 410 χαλῶν
641 333 860 391 ὑπείκοι
885 332 1081 405 καιρὸν
1108 329 1529 404 εὐλαβούμενος,

438 430 566 486 ἴσως
591 416 659 476 ἂν
686 418 1059 475 ἐκπνεύσειεν·
1083 415 1149 487 ἢν
1171 415 1220 471 δ’
1248 415 1352 488 ἀνῇ
1374 418 1564 487 πνοάς,
1813 429 1900 475 700

436 506 616 576 τύχοις
641 500 709 559 ἂν
731 501 904 559 αὐτοῦ
929 505 1130 576 ῥᾳδίως
1155 497 1286 557 ὅσον
1309 502 1506 565 θέλεις.

439 596 616 647 ἔνεστι
641 585 692 644 δ’
721 588 926 658 οἶκτος,
953 593 1034 642 ἔνι
1060 587 1120 642 δὲ
1145 587 1236 641 καὶ
1259 584 1441 656 θυμὸς
1463 587 1645 657 μέγας,

440 679 844 746 καραδοκοῦντι
870 677 1044 744 κτῆμα
1071 670 1412 742 τιμιώτατον.

441 758 624 816 ἐλθών
649 759 710 814 δὲ
742 756 1076 827 Τυνδάρεών
1100 758 1161 811 τέ
1183 776 1268 811 σοι
1293 754 1620 826 πειράσομαι

439 844 601 902 πόλιν
625 867 683 899 τε
708 856 890 899 πεῖσαι
913 847 988 917 τῷ
1014 847 1139 896 λίαν
1164 846 1404 911 χρῆσθαι
1429 845 1624 903 καλῶς.
1817 850 1901 895 705

439 931 531 986 καὶ
555 935 691 994 ναῦς
716 926 819 999 γὰρ
847 930 1139 982 ἐνταθεῖσα
1164 923 1300 995 πρὸς
1324 930 1454 995 βίαν
1479 926 1609 979 ποδὶ

439 1021 671 1087 ἔβαψεν,
699 1019 824 1083 ἔστη
852 1009 904 1067 δ’
936 1003 1119 1079 αὖθις,
1149 1005 1217 1081 ἢν
1242 1015 1380 1082 χαλᾷ
1405 1008 1562 1065 πόδα.

440 1112 590 1171 μισεῖ
608 1097 712 1170 γὰρ
739 1095 766 1153 ὁ
792 1095 925 1161 θεὸς
948 1094 1041 1160 τὰς
1066 1091 1206 1165 ἄγαν
1230 1100 1564 1166 προθυμίας,

442 1190 663 1256 μισοῦσι
689 1179 740 1237 δ’
771 1179 948 1237 ἀστοί·
977 1185 1066 1235 δεῖ
1086 1181 1151 1234 δέ
1170 1176 1227 1249 μ’
1234 1222 1247 1248 ,
1275 1175 1376 1233 οῦκ
1401 1175 1577 1242 ἄλλως
1601 1178 1759 1250 λέγω,

442 1269 634 1336 σώζειν
662 1285 722 1322 σε
730 1272 944 1368 σοφία,
970 1263 1042 1336 μὴ
1069 1270 1163 1337 βία
1187 1269 1298 1319 τῶν
1322 1262 1678 1334 κρεισσόνων.
1822 1274 1903 1321 710

444 1351 581 1426 αλκῇ
607 1355 672 1408 δέ
691 1348 742 1406 σ’
771 1348 874 1406 οῦκ
902 1348 998 1419 ἄν,
1025 1351 1057 1423 ᾐ
1085 1347 1154 1404 σὺ
1180 1348 1414 1415 δοξάζεις
1439 1356 1585 1419 ἴσως,

441 1434 676 1509 σωσαιμ’
706 1433 801 1491 α’ν·
828 1433 895 1491 οὐ
921 1459 1023 1507 γαρ
1051 1434 1244 1508 ῥᾴδιον
1270 1433 1436 1505 λόγχῃ
1462 1438 1559 1505 μιᾷ

441 1529 632 1594 στῆσαι
656 1520 886 1593 τρόπαια
911 1526 1021 1576 τῶν
1045 1525 1231 1575 κακῶν
1260 1515 1293 1573 ἅ
1316 1535 1401 1573 σοι
1426 1516 1587 1585 πάρα.

442 1606 509 1665 οῦ
534 1607 637 1679 γάρ
664 1603 786 1662 ποτ’
807 1603 1045 1677 ’Ἀργοῦς
1072 1618 1233 1675 γαῖαν
1261 1609 1336 1668 εἰς
1362 1601 1420 1658 τὸ
1447 1599 1736 1672 μαλθακὸν

441 1691 896 1764 προσηγόμεσθα·
927 1695 1031 1745 νῦν
1057 1686 1101 1744 δ’
1129 1686 1439 1758 ἀναγκαίως
1464 1692 1572 1756 ἔχει
1823 1695 1904 1743 715

446 1777 729 1833 δούλοισιν
757 1775 897 1831 εἶναι
920 1787 1030 1839 τοῖς
1054 1785 1274 1844 σοφοῖσι
1298 1778 1391 1843 τῆς
1417 1771 1595 1841 τύχης.

440 1865 480 1918 ω
508 1860 651 1932 πλην
676 1883 938 1931 γυναικος
976 1863 1157 1915 εἵνεκα
1198 1863 1588 1929 στρατηλατεῖν

445 1943 595 2002 ταλλ’
628 1943 820 2015 οὐδέν,
850 1946 889 1999 ὠ
919 1963 1139 1999 κακιστε
1165 1955 1422 2013 τιμωρεῖν
1447 1947 1654 2012 φίλοις·

447 2031 672 2103 φεύγεις
700 2027 1068 2100 ἀποστραφεις
1092 2051 1186 2099 με,
1214 2051 1278 2082 τα
1303 2024 1354 2082 δ’
1379 2024 1779 2097 Ἀγαμέμνονος
1824 2036 1908 2082 720

449 2112 654 2188 φροῦδ’
676 2140 687 2181 ;
735 2111 930 2184 άφιλος
964 2106 1095 2184 ἦσθ’
1136 2109 1224 2182 αρ’
1243 2155 1256 2182 ,
1310 2135 1350 2166 ω
1399 2133 1565 2181 πατερ
1581 2125 1907 2180 ,πρασσων

1015 2220 1210 2261 κακως.

448 2293 593 2356 οἴμοι
619 2284 980 2355 προδέδομαι,
1008 2278 1226 2336 κούκέτ’
1259 2281 1397 2335 εἰσὶν
1424 2282 1656 2347 ἐλπίδες,

451 2392 576 2425 οποι
601 2367 938 2441 τραπόμενος
962 2366 1207 2421 θανατον
1226 2361 1489 2435 Ἀργείων
1515 2362 1705 2434 φύγω·

449 2445 609 2519 οῦτος
633 2476 736 2525 γαρ
762 2453 833 2522 ἠν
855 2474 945 2522 μοι
970 2448 1259 2521 καταφυγὴ
1286 2454 1572 2519 σωτηρίας.

451 2535 570 2593 ἀλλ’
601 2543 795 2608 εἰσορω
820 2559 923 2608 γαρ
948 2535 1108 2592 τόνδε
1135 2540 1397 2605 φίλτατον
1423 2537 1637 2603 βροτων
1829 2543 1910 2587 725

451 2623 721 2694 Πυλάδην
750 2621 936 2694 δρόμῳ
962 2626 1240 2690 στείχοντα
1267 2620 1509 2672 Φωκέων
1535 2614 1658 2686 ἄπο,

451 2704 644 2779 ἡδεῖαν
670 2703 801 2770 ὄψιν
818 2724 828 2734 ·
856 2703 1044 2770 πιστὸς
1069 2707 1128 2760 ἐν
1151 2715 1338 2766 κακοῖς
1366 2699 1506 2773 ἀνὴρ

452 2797 725 2863 κρείσσων
752 2789 992 2860 γαλήνης
1018 2794 1361 2845 ναυτίλοισιν
1391 2790 1627 2854 εἰσορᾶν.

448 2881 661 2931 θᾶσσον
686 2871 719 2945 ἥ
754 2896 820 2944 με
854 2880 994 2945 χρῆν
1017 2878 1338 2944 προβαίνων
1366 2870 1561 2942 ἱκόμην
1587 2863 1662 2923 δι’
1684 2868 1911 2935 ἄστεως,
