2018 3117
119 2151 231 2203 XO,

121 2404 238 2454 HA.

783 65 1095 112 ΟΡΕΣΤΗΣ
1640 58 1743 110 279

287 207 419 279 ὑμῖν
444 204 672 278 ἀμύνων
697 202 864 261 οὐδὲν
888 196 1060 274 ἧσσον
1082 197 1116 273 ἢ
1142 202 1305 272 πατρὶ

289 298 501 347 ἔκτεινα
524 286 732 362 μητέρ’.
762 294 812 344 εἰ
834 287 937 360 γὰρ
964 283 1214 358 ἀρσένων
1240 284 1410 356 φόνος
1660 295 1744 339 935

288 382 436 432 ἔσται
461 375 712 447 γυναιξὶν
737 369 910 441 ὅσιος,
938 368 1005 426 ού
1033 366 1290 441 φθάνοιτ’
1319 366 1398 424 ἔτ’
1428 363 1496 422 ἂν

290 460 652 531 θνήσκοντες,
678 452 713 528 ἦ
737 457 953 529 γυναιξὶ
980 453 1269 509 δουλεύειν
1292 452 1469 524 χρεών
1486 470 1499 480 ·

289 542 616 600 τούναντίον
642 541 701 596 δὲ
729 536 944 613 δράσετ’
974 534 1009 608 ἢ
1035 542 1231 608 δρᾶσαι
1255 537 1447 608 χρεων.

292 635 400 684 νῦν
424 629 524 700 μὲν
549 625 652 699 γὰρ
679 623 711 696 ἡ
737 628 1021 696 προδοῦσα
1046 619 1226 693 λέκτρ’
1258 625 1390 692 ἐμοῦ
1416 617 1617 693 πατρὸς

291 715 586 784 τέθνηκεν·
622 715 671 765 εἰ
694 709 754 764 δὲ
780 707 846 778 δὴ
871 708 1250 762 κατακτενεῖτέ
1271 728 1353 776 με,
1663 716 1747 759 940

287 795 316 854 ὁ
342 796 508 868 νόμος
537 793 772 864 άνεῖται,
803 789 906 847 κοῦ
935 790 1145 862 φθάνοι
1172 790 1439 861 θνήσκων
1462 812 1540 854 τις
1565 785 1650 858 ἄν,

296 878 368 946 ὡς
392 887 485 952 τῆς
509 903 570 952 γε
600 878 797 949 τόλμης
822 873 888 932 οὐ
914 875 1108 939 σπάνις
1133 874 1433 946 γενήσεται.

294 962 419 1022 ἀλλ’
449 962 552 1021 οῦκ
579 960 759 1020 ἔπειθ’
789 958 1009 1032 ὅμιλον,
1039 951 1102 1015 εὖ
1129 964 1312 1014 δοκῶν
1336 960 1531 1028 λέγειν.

291 1055 418 1123 νικᾷ
445 1046 495 1104 δ’
529 1052 734 1112 ἐκεῖνος
759 1044 786 1102 ὁ
812 1044 978 1110 κακὸς
1002 1048 1061 1100 ἐν
1088 1044 1291 1115 πλήθει
1315 1044 1508 1113 λέγων,

296 1132 354 1199 ὃς
379 1131 614 1206 ἠγόρευε
639 1132 916 1203 σύγγονον
941 1132 1005 1185 σε’
1028 1152 1085 1184 τε
1110 1140 1347 1184 κτανεῖν.
1667 1138 1750 1183 945

293 1218 446 1290 μόλις
477 1222 509 1273 δ
517 1215 529 1235 '
561 1224 740 1273 ἔπεισε
764 1214 835 1287 μὴ
863 1213 1230 1286 πετρούμενος
1255 1220 1453 1267 θανεῖν

298 1302 516 1374 τλήμων
533 1299 807 1374 Ὀρέστης·
836 1297 1110 1368 αὐτόχειρι
1138 1297 1198 1353 δὲ
1222 1300 1406 1368 σφαγῇ

300 1384 555 1457 ὑπέσχετ’
584 1390 642 1442 έν
670 1382 790 1458 τῇδ’
819 1381 992 1455 ἡμέρᾳ
1021 1388 1233 1448 λείψειν
1256 1386 1381 1452 βίον

300 1470 405 1527 σὺν
429 1477 530 1526 σοί.
563 1469 787 1541 πορεύει
813 1465 865 1523 δ’
897 1464 1068 1523 αὐτὸν
1091 1464 1368 1536 ἐκκλήτων
1397 1460 1502 1518 ἄπο

297 1555 561 1625 Πυλάδης
585 1553 871 1625 δακρύων·
900 1550 1004 1607 σὺν
1032 1547 1088 1605 δ’
1119 1548 1451 1621 ὁμαρτοῦσιν
1481 1553 1633 1619 φίλοι
1669 1560 1752 1604 950

297 1646 576 1704 κλαίοντες
601 1643 985 1708 οἰκτείροντες·
1014 1641 1222 1706 ἔρχεται
1249 1635 1313 1688 δέ
1333 1650 1419 1687 σοι

302 1722 499 1796 πικρὸν
524 1725 703 1793 θέαμα
731 1723 822 1777 καὶ
847 1720 1111 1791 πρόσοψις
1137 1716 1321 1773 ἀθλία.

302 1806 421 1863 ἀλλ’
457 1804 732 1878 εὐτρέπιζε
758 1801 998 1878 φάσγαν’
1032 1799 1067 1873 ἦ
1090 1802 1294 1874 βρόχον
1321 1804 1470 1873 δέρῃ,

304 1889 374 1956 ὡς
405 1897 494 1948 δεῖ
509 1898 689 1946 λιπεῖν
718 1908 778 1945 σε
803 1891 1028 1961 φέγγος·
1056 1885 1312 1958 ηὑγένειά
1337 1885 1397 1940 δὲ

306 1972 474 2032 οὐδέν
499 1973 549 2030 σ’
577 1977 957 2044 ἐπωφέλησεν,
985 1968 1109 2027 οὐδ’
1138 1969 1165 2026 ὁ
1189 1969 1408 2032 Πύθιος
1671 1979 1756 2023 955

302 2065 536 2131 τρίποδα
560 2065 804 2126 καθίζων
831 2063 1060 2127 Φοῖβος,
1087 2052 1206 2111 ἀλλ’
1236 2052 1532 2109 ἀπώλεσεν.

300 2138 341 2200 ὦ
367 2143 700 2200 δυστάλαινα
730 2138 986 2213 παρθέν’,
1015 2137 1084 2205 ὡς
1108 2137 1411 2210 ξυνηρεφὲς

309 2228 604 2301 πρόσωπον
628 2233 704 2291 εἰς
731 2231 836 2297 γῆν
864 2224 963 2280 σὸν
990 2221 1219 2296 βαλοῦσ’
1247 2221 1533 2293 ἄφθογγος
1564 2218 1627 2289 εἴ,

309 2310 379 2377 ὥς
406 2318 480 2377 εἰς
506 2308 843 2382 στεναγμοὺς
868 2311 960 2364 καὶ
986 2309 1153 2380 γόους
1177 2308 1545 2379 δραμουμένη.

307 2396 639 2467 κατάρχομαι
666 2394 998 2465 στεναγμόν,
1031 2385 1074 2447 ὦ
1096 2396 1394 2460 Πελασγία,
1526 2404 1639 2459 στρ.
1675 2399 1760 2442 960

308 2489 522 2536 τιθεῖσα
551 2478 752 2535 λευκὸν
775 2475 947 2548 ὄνυχα
973 2474 1062 2531 διὰ
1086 2479 1389 2547 παρηίδων,

315 2573 337 2601 *
376 2561 672 2633 αἱματηρὸν
695 2560 846 2631 ἄταν,

311 2647 523 2703 κτύπον
545 2671 602 2702 τε
626 2647 849 2719 κρατός,
882 2642 947 2700 ὃν
973 2641 1120 2713 ἔλαχ’
1151 2642 1183 2698 ἁ
1212 2641 1348 2697 κατὰ
1375 2639 1577 2713 χθονὸς

312 2732 586 2803 νερτέρων
612 2736 900 2794 καλλίπαις
924 2731 1154 2786 ἄνασσα.

637 2829 892 2874 960-970
912 2843 980 2863 =
1003 2826 1158 2870 971-
1169 2826 1252 2870 981
