2018 3117
285 92 388 143 388

283 241 401 290 ΕΚ.

282 325 400 373 ΕΚ.

281 748 399 796 XO.

281 917 399 965 ΕΚ.

279 1003 398 1051 XO.

279 1086 394 1136 ΕΚ.

278 1172 397 1220 ΧΟ.

278 1256 393 1305 ΕΚ.

277 1426 394 1474 XO.

278 1678 392 1729 ΕΚ.

280 1765 390 1814 ΕΚ.

278 2187 394 2237 ΧΟ.

931 95 1282 142 ΤΡΩΙΑΔΕΣ

475 231 726 305 ἀγόμεθα
755 229 1029 304 φερόμεθ’
1057 240 1175 288 ΧΟ.
1201 230 1365 304 ἄλγος
1390 231 1554 306 ἄλγος
1578 242 1727 310 βοᾷς.
1841 251 1951 296 1310

471 318 729 373 δούλειον
754 313 863 373 ὑπὸ
892 319 1173 388 μέλαθρον
1198 320 1257 372 ἐκ
1283 317 1490 391 πάτρας
1513 317 1568 390 γ’
1598 323 1739 392 ε’μᾶς.

474 400 537 458 lc&
566 402 647 457 c’m'.

471 492 691 558 Πρίαμε
716 491 963 557 Πρίαμε,
989 485 1060 541 σὺ
1085 486 1187 557 μὲν
1210 483 1474 557 ὀλόμενος

474 569 683 643 ἄταφος
707 568 906 643 ἄφιλος

476 680 605 721 ατας
631 659 759 727 ε’μᾶς
783 674 967 720 αιστος
993 655 1055 711 εἴ.

466 743 630 813 μέλας
658 739 762 812 γὰρ
788 737 917 796 ὄσσε
941 739 1346 796 κατακαλύπτει
1840 757 1946 801 1315

471 821 771 890 θανατος”
740 844 897 881 οσιον
923 823 1170 890 ἀνοσίαις
1193 837 1514 896 σφαγαῖσιν.

472 910 536 966 iss)
561 916 716 966 θεῶν
739 913 991 981 μέλαθρα
1016 911 1108 965 καὶ
1130 910 1287 974 πόλις
1314 916 1464 979 φίλα.
1721 908 1838 967 ἆντ.

471 998 498 1051 ἒ
523 1002 563 1051 έ.

465 1079 566 1136 τὰν
592 1080 792 1151 φόνιον
817 1085 963 1150 ἔχετε
990 1080 1168 1151 φλόγα
1193 1079 1354 1151 δορός
1379 1102 1437 1135 τε
1462 1079 1682 1149 λόγχαν.

465 1162 582 1236 τάχ’
616 1171 692 1228 εἰς
719 1169 893 1235 φίλαν
917 1170 1023 1236 γᾶν
1047 1161 1301 1220 πεσεῖσθ’
1332 1160 1635 1234 ἀνώνυμοι.

463 1251 615 1314 κόνις
643 1246 695 1305 δ’
727 1257 818 1304 ἴσα
843 1255 1034 1324 καπνῷ
1061 1251 1290 1321 πτέρυγι
1316 1246 1453 1316 πρὸς
1480 1245 1664 1321 αἰθέρ’
1833 1263 1945 1306 1320

471 1333 659 1391 ἄιστον
684 1342 855 1390 οἴκων
884 1337 1030 1406 ἐμῶν
1053 1357 1119 1405 με
1145 1333 1328 1405 θήσεὲ..

467 1417 640 1490 ὄνομα
666 1420 727 1475 δὲ
752 1425 849 1490 γᾶς
875 1417 1083 1491 ἀφανὲς
1108 1419 1275 1474 εἶσιν·
1308 1416 1447 1492 ἄλλα
1472 1415 1522 1474 δ’

471 1502 603 1560 ἄλλο
630 1509 911 1576 φροῦδον,
939 1502 1062 1560 οὐδ’
1098 1502 1174 1559 ἔτ’
1207 1510 1354 1559 ἔστιν

470 1587 503 1644 ἁ
526 1588 756 1645 τάλαινα
788 1595 972 1660 Τροία.

466 1671 712 1746 ἐμάθετ’ᾖ
740 1674 991 1742 ἐκλύετε;
1018 1673 1461 1745 ΧΟ.Περγάμων
1485 1672 1715 1728 κτύπον.
1829 1685 1940 1729 1325

462 1765 641 1824 ἔνοσις
666 1755 883 1815 ἅπασαν
909 1766 1085 1824 ἔνοσις
1111 1757 1392 1814 ἐπικλύσει
1417 1757 1597 1812 πόλιν.

468 1844 531 1900 ιώ
561 1843 643 1914 ιώ,

468 1927 705 2001 τρομερὰ
732 1928 969 2002 τρομερὰ
994 1930 1185 2000 μέλεα,
1213 1924 1398 1999 φέρετ’
1429 1929 1485 1981 ε’-

468 2012 574 2084 μόν
602 2021 766 2084 ἴχνος.
798 2011 867 2069 ἴτ’
900 2016 988 2069 ἐπὶ
1015 2013 1318 2081 [τάλαιναν]

467 2096 722 2153 δούλειον
747 2095 955 2169 ἁμέραν
981 2104 1125 2169 βίου.
1828 2107 1935 2153 1330

469 2181 531 2238 ιὀὄ
561 2182 789 2237 τάλαινα
813 2183 995 2247 πόλις·
1023 2180 1167 2253 ὅμως
1192 2181 1252 2237 δὲ

466 2266 713 2339 πρόφερε
738 2266 882 2322 πόδα
905 2265 1005 2322 σὸν
1029 2267 1116 2322 ἐπὶ
1141 2265 1344 2330 πλάτας
1367 2261 1614 2336 Ἀχαιῶν.
