2018 3117
426 100 800 149 ΙΦΙΓΕΝΕΙΑ
836 100 896 144 Η
917 99 1009 144 ΕΝ
1057 97 1352 144 ΤΑΤΡΟΙΣ
1621 93 1719 143 105

263 244 583 305 κλέπτοντες
608 243 665 295 ἐκ
692 245 789 311 γῆς
814 237 980 305 ξόανα
1004 238 1095 291 καὶ
1120 234 1472 306 θυηπόλους;

263 335 409 392 τίνος
436 331 516 390 τίς
543 348 620 380 ων
644 322 714 379 σὺ
739 319 894 394 τήνδ’
925 316 1238 393 ἀπεμπολᾷς
1261 316 1492 390 χθονός;
1614 330 1721 375 1360

263 412 294 469 6
323 407 375 466 δ’
406 407 514 466 εἶπ’
534 406 830 481 ’Ὀρέστης
854 401 1010 476 τῆσδ’
1039 401 1294 475 ὅμαιμος,
1322 426 1394 467 ως
1417 401 1615 474 μάθῃς,

259 493 657 567 Αγαμέμνονος
681 504 834 560 παῖς,
863 485 1019 560 τηνδ’
1055 487 1189 559 ἐμὴν
1215 493 1496 558 κομίζομαι

265 577 453 650 λαβὼν
479 575 751 663 ἀδελφήν,
784 571 853 645 ἣν
877 570 1115 628 άπώλεσ’
1145 575 1202 627 ἐκ
1228 571 1431 642 δόμων.

268 661 387 719 ἀλλ’
417 660 584 718 οὐδὲν
607 654 776 732 ἧσσον
801 657 1093 729 εἰχόμεσθα
1119 661 1211 727 τῆς
1236 658 1389 726 ξένης

268 749 354 801 καὶ
384 746 519 815 πρὸς
563 742 614 801 σ’
644 747 875 800 ἕπεσθαι
901 739 1321 812 διεβιαζόμεσθά
1346 762 1457 801 νιν,
1617 749 1724 793 1365

268 830 405 889 ὅθεν
428 828 492 886 τὰ
516 827 670 886 δεινὰ
695 823 963 898 πλήγματ’
994 818 1061 897 ἦν
1085 824 1404 896 γενειάδων.

271 920 452 972 κεῖνοί
479 936 536 969 τε
560 912 663 985 γὰρ
690 917 922 983 σίδηρον
946 908 1048 966 οὐκ
1076 909 1221 980 εἶχον
1243 919 1428 979 χεροῖν

269 998 422 1072 ἡμεῖς
451 1017 534 1053 τε·
561 999 771 1068 πυγμαὶ
797 993 849 1051 δ’
878 988 1020 1067 ἦσαν
1045 993 1490 1065 ἐγκροτούμεναι,

270 1087 362 1141 καὶ
391 1080 522 1139 κῶλ’
552 1079 646 1137 ἀπ’
680 1079 888 1152 ἀμφοῖν
912 1093 1030 1135 τοῖν
1053 1084 1306 1134 νεανίαιν
1331 1073 1438 1146 ἅμα

273 1175 346 1234 εἰς
372 1165 583 1239 πλευρὰ
603 1168 694 1221 καὶ
719 1164 856 1237 πρὸς
880 1156 1025 1236 ἧπαρ
1054 1160 1379 1235 ἠκοντίζετο,
1622 1170 1730 1214 1370

277 1251 413 1309 ὥστε
438 1251 731 1318 ξυνάπτειν
756 1250 848 1304 καὶ
872 1260 1282 1318 συναποκαμεῖν
1305 1246 1456 1316 μέλη.

274 1343 476 1401 δεινοῖς
500 1336 561 1391 δὲ
586 1333 975 1406 σημάντροισιν
999 1332 1425 1403 ἐσφραγισμένοι

275 1420 585 1494 ἐφεύγομεν
609 1417 745 1491 πρὸς
770 1416 1042 1490 κρημνόν,
1070 1422 1124 1472 οἳ
1144 1417 1245 1486 μὲν
1269 1418 1327 1470 ἐν
1351 1411 1493 1484 κάρα

274 1502 504 1575 κάθαιμ’
536 1511 746 1574 ἔχοντες
774 1498 1071 1573 τραύμαθ’,
1101 1505 1156 1555 οἳ
1176 1496 1227 1555 δ’
1261 1502 1320 1554 ἐν
1346 1494 1610 1568 ὄμμασιν·

275 1588 461 1661 ὄχθοις
487 1587 534 1643 δ’
565 1588 949 1649 ἐπισταθέντες
978 1582 1381 1655 εὐλαβεστέρως
1622 1590 1728 1635 1375

274 1672 663 1746 ἐμαρνάμεσθα
688 1672 780 1726 καὶ
807 1671 1037 1740 πέτρους
1067 1668 1381 1739 ἐβάλλομεν.

275 1756 392 1814 ἀλλ’
425 1757 609 1829 εἶργον
635 1752 771 1827 ἡμᾶς
797 1753 1007 1820 τοξόται
1034 1752 1283 1824 πρύμνης
1313 1757 1400 1806 ἔπι

277 1843 572 1906 σταθέντες
599 1846 726 1909 ἰοῖς,
755 1835 882 1894 ὥστ’
915 1835 1228 1893 ἀναστεῖλαι
1253 1834 1458 1907 πρόσω.

280 1924 384 1983 κάν
408 1931 574 2001 τῷδε,
601 1922 781 1988 δεινὸς
806 1946 910 1994 γαρ
936 1920 1158 1978 κλύδων
1185 1917 1376 1976 ω’κειλε
1400 1925 1542 1975 ναῦν

279 2009 414 2083 πρὸς
440 2017 572 2082 γῆν,
603 2008 774 2080 φόβος
800 2005 852 2062 δ’
880 2009 950 2079 ἠν
973 2013 997 2044 *
1037 2012 1061 2043 *
1098 2012 1123 2042 *
1161 2007 1338 2075 τέγξαι
1369 2005 1529 2075 πόδα,
1626 2015 1735 2058 1380

281 2094 467 2167 λαβων
495 2092 747 2166 Ὀρέστης
773 2115 922 2163 ωμον
949 2098 1023 2157 εἰς
1047 2088 1351 2163 ἀριστερόν,

280 2180 379 2253 βας
405 2185 480 2245 εἰς
506 2178 793 2235 θάλασσαν
819 2179 952 2232 καπι
977 2183 1237 2247 κλίμακος
1266 2173 1475 2244 θορων,

284 2261 442 2337 ἔθηκ’
476 2261 724 2334 ἀδελφὴν
749 2259 901 2326 ἐντὸς
927 2259 1196 2331 εὐσέλμου
1223 2257 1378 2328 νεώς,

282 2349 342 2406 τό
367 2347 413 2405 τ’
446 2346 691 2421 οὐρανοῦ
720 2348 959 2452 πέσημα,
987 2351 1082 2417 τῆς
1104 2342 1241 2409 Διὸς
1265 2341 1432 2414 κόρης

284 2432 514 2506 άγαλμα.
541 2431 674 2497 ναὸς
697 2428 750 2486 δ’
781 2434 840 2486 ἐκ
865 2433 1029 2502 μέσης
1053 2431 1357 2500 ἐφθέγξατο
1631 2436 1739 2480 1385

284 2517 386 2590 βοή
414 2536 518 2583 τις·
548 2519 588 2572 ὠ
614 2522 713 2618 γῆς
741 2513 995 2579 Ελλάδος
1017 2520 1216 2569 ναῦται
1239 2511 1378 2576 νεώς

285 2602 523 2674 λάβεσθε
547 2600 730 2670 κώπης
754 2600 922 2671 ρ”όθιά
943 2597 993 2652 τ’
1018 2602 1415 2652 ἐκλευκαίνετε·

289 2693 481 2758 ἔχομεν
509 2709 614 2757 γαρ
641 2707 825 2756 ωνπερ
864 2684 1034 2738 εινεκ’
1073 2679 1267 2748 άξενον
1293 2678 1469 2750 πόρον

291 2770 713 2841 Συμπληγάδων
738 2775 953 2825 ε’σωθεν
981 2765 1423 2834 εἰσεπλεύσαμεν.

292 2857 350 2909 οἳ
370 2854 431 2909 δὲ
456 2851 762 2924 στεναγμὸν
785 2849 931 2923 ἡδὺν
954 2849 1362 2922 ἐκβρυχώμενοι
1632 2854 1743 2901 1390
