2018 3117
808 94 1121 143 ΟΡΕΣΤΗΣ
1669 106 1769 157 259

312 223 432 293 [τὸν
457 227 564 282 α’πὸ
583 235 891 304 Ταντάλου]
911 237 1179 305 σέβεσθαί
1195 260 1262 308 με
1283 241 1414 313 χρῇς

315 310 406 364 καὶ
431 309 540 381 μὴν
563 313 821 382 βασιλεὺς
849 313 945 372 ὅδε
971 317 1038 390 δὴ
1065 328 1280 393 στείχει,

310 397 599 460 Μενέλαος
624 393 784 468 ἅναξ,
810 400 948 455 πολύ
975 401 1027 455 δ’
1051 400 1335 475 ἁβροσύνῃ

313 480 475 547 δῆλος
499 475 735 550 ὁρᾶσθαι
1678 509 1763 553 350

310 566 419 615 τῶν
448 569 798 620 Τανταλιδῶν
823 569 873 632 ἐξ
900 572 1120 638 αἵματος
1146 568 1238 628 ῶν.

308 635 353 698 ῶ
375 646 661 715 χιλιόναυν
685 649 915 721 στρατὸν
939 649 1176 724 ὁρμήσας

307 733 383 791 εἰς
406 735 511 800 γῆν
531 728 732 801 Ἀσίαν,

300 810 466 884 χαῖρ’,
495 811 721 887 εὐτυχία
745 821 778 870 δ
786 814 798 834 ’
830 815 993 882 αὐτὸς
1017 816 1238 893 ὁμιλεῖς,

300 895 511 952 θεόθεν
533 898 735 969 πράξας
762 897 898 972 άπερ
926 900 1117 974 ηὔχου.
1670 930 1754 975 355

118 978 241 1030 ME.
291 970 336 1032 ῶ
359 983 541 1051 δῶμα,
569 987 633 1053 τῇ
658 985 759 1052 μέν
783 981 835 1038 σ’
864 982 1039 1056 ἡδέως
1062 993 1468 1064 προσδέρκομαι

304 1069 578 1134 Τροίαθεν
603 1066 808 1137 ἐλθών,
834 1074 898 1141 τῇ
925 1075 958 1125 δ
966 1068 978 1088 '
1008 1071 1143 1130 ίδων
1166 1080 1472 1134 καταστένω
1488 1099 1498 1109 ·

297 1146 481 1220 κύκλῳ
506 1148 609 1220 γὰρ
637 1154 969 1220 εἱλιχθεῖσαν
995 1154 1208 1223 ἀθλίοις
1232 1175 1418 1227 κακοῖς

297 1227 573 1287 οὐπώποτ’
603 1230 773 1304 ἄλλην
796 1243 1003 1305 μᾶλλον
1027 1240 1177 1297 εἶδον
1201 1246 1400 1301 ἑστίαν.

294 1312 683 1386 Ἀγαμέμνονος
706 1318 806 1388 μὲν
831 1319 934 1393 γὰρ
960 1323 1122 1394 τύχας
1144 1324 1460 1401 ἠπιστάμην,
1662 1349 1746 1394 360

298 1396 413 1462 [καὶ
439 1400 713 1465 θάνατον,
746 1404 842 1472 οἴῳ
869 1405 1006 1473 πρὸς
1032 1410 1304 1477 δάμαρτος
1329 1414 1499 1470 ὤλετο
1510 1419 1549 1489 ,]

295 1482 487 1553 Μαλέᾳ
515 1490 825 1555 προσίσχων
849 1494 1101 1561 πρῶραν·
1128 1496 1187 1548 ἐκ
1214 1495 1274 1550 δὲ
1297 1497 1553 1567 κυμάτων

290 1558 318 1617 ὁ
344 1571 650 1622 ναυτίλοισι
671 1568 859 1637 μάντις
883 1572 1160 1644 ἐξήγγειλέ
1176 1601 1267 1648 μοι

284 1649 516 1718 Νηρέως
539 1652 818 1723 προφήτης
845 1661 1092 1724 Γλαῦκος
1115 1658 1357 1735 ἀψευδὴς
1382 1667 1528 1736 θεός,

289 1725 348 1794 ὅς
373 1754 465 1801 μοι
488 1734 587 1789 τόδ
595 1732 609 1752 '
639 1735 790 1791 εἶπεν
817 1741 1072 1809 ἐμφανῶς
1102 1753 1485 1813 κατασταθείς·
1652 1769 1736 1813 365

285 1818 564 1887 Μενέλαε,
590 1832 762 1875 κεῖται
785 1820 877 1887 σός
900 1833 1222 1899 κασίγνητος
1243 1833 1454 1905 θανών,

279 1902 595 1970 λουτροῖσιν
621 1900 820 1974 ἀλόχου
845 1911 1156 1979 περιπεσών
1182 1912 1552 1988 ἀρκυστάτοις.

282 1983 540 2053 δακρύων
565 1983 619 2040 δ’
649 1993 881 2058 ἔπλησεν
905 1995 1001 2063 ἐμέ
1019 2018 1076 2050 τε
1100 2000 1192 2053 καὶ
1215 2001 1417 2067 ναύτας
1440 2003 1602 2074 ε’μούς

278 2071 512 2122 πολλῶν.
540 2071 656 2126 ἐπεὶ
680 2072 740 2128 δὲ
760 2079 1053 2144 Ναυπλίας
1078 2082 1238 2146 ψαύω
1262 2085 1478 2159 χθονός,

273 2143 378 2219 ἤδη
406 2151 675 2225 δάμαρτος
701 2156 900 2213 ἐνθάθ’
929 2164 1318 2239 ἐξορμωμένης,
1641 2189 1727 2234 370

277 2237 459 2290 δοκῶν
481 2233 735 2311 Ὀρέστην
759 2247 927 2299 παῖδα
951 2245 1047 2302 τὸν
1068 2246 1464 2324 Ἀγαμέμνονος

274 2315 661 2394 φίλαισιχερσὶ
687 2333 1005 2397 περιβαλεῖν
1029 2335 1120 2388 καὶ
1142 2339 1362 2408 μητέρα,

275 2396 346 2463 ῶς
371 2399 757 2478 εὐτυχοῦντας,
786 2415 982 2468 ἔκλυον
1006 2412 1284 2475 ἁλιτύπων
1307 2421 1453 2488 τινὸς

268 2488 361 2553 τῆς
394 2493 729 2562 Τυνδαρείας
752 2496 1030 2567 θυγατρὸς
1055 2497 1278 2559 ἀνόσιον
1303 2505 1494 2576 φόνον.

265 2569 356 2622 καὶ
378 2577 486 2625 νῦν
510 2570 649 2630 ὅπου
668 2573 807 2631 ’στὶν
833 2578 1027 2652 εἴπατ’,
1055 2576 1100 2638 a?
1124 2586 1384 2660 νεάνιδες,
1630 2607 1712 2652 375

260 2645 654 2725 Ἀγαμέμνονος
677 2672 827 2730 παῖς,
854 2658 913 2726 ὃς
936 2662 1000 2719 τὰ
1026 2666 1164 2723 δείν’
1193 2677 1316 2744 ἔτλη
1340 2674 1496 2730 κακά.

259 2736 465 2807 βρέφος
487 2739 591 2812 γὰρ
618 2735 689 2814 ἦν
715 2741 828 2800 τότ’
857 2749 913 2802 ἐν
935 2754 1420 2829 Κλυταιμνήστρας
1440 2773 1639 2831 χεροῖν,

1331 2919 1433 2969 17*
