2018 3117
118 1088 220 1137 KP.

109 2096 223 2145 XO.

108 2264 216 2313 KP.

108 2350 224 2397 XO.

110 2516 217 2564 KP.

112 2684 224 2733 XO.

784 102 1156 149 ΦΟΙΝΙΣΣΑΙ
1653 97 1751 151 441

303 241 558 312 τάλανες,
588 238 618 296 ὅ
643 264 693 298 τι
717 241 848 297 ποτὲ
870 239 1180 313 μονομάχον
1205 241 1292 295 ἐπὶ
1317 235 1468 312 φρέν’
1495 236 1752 312 ἠλθέτην,

301 333 404 400 βοᾷ
425 325 683 400 βαρβάρῳ
1647 338 1749 381 1301

303 408 459 480 ἰαχὰν
488 408 786 465 στενακτὰν

300 496 604 565 μελομέναν
624 506 840 566 νεκροῖς
871 492 1104 565 δάκρυσι
1127 491 1407 564 θρηνήσω.

302 576 498 648 σχεδὸν
524 578 659 648 τύχα
683 579 846 641 πέλας
870 576 1046 647 φόνου
1062 595 1072 605 ·

302 674 484 731 κρινεῖ
507 665 661 730 ξίφος
685 663 745 714 τὸ
772 662 990 729 μέλλον.
1645 673 1755 715 1305

304 746 502 817 πότμος
528 744 763 817 ἄποτμος
788 742 815 800 ὁ
843 744 1010 816 φόνος
1035 743 1181 800 ἕνεκ’
1212 742 1493 815 Ἐρινύων.

303 827 438 885 ἀλλὰ
462 829 566 901 γὰρ
591 832 838 901 Κρέοντα
862 829 1074 884 λεύσσω
1101 829 1262 884 τόνδε
1286 834 1456 899 δεῦρο
1481 833 1731 898 συννεφῆ

301 913 435 985 πρὸς
461 914 663 984 δόμους
689 919 992 982 στείχοντα,
1025 913 1216 968 παύσω
1246 912 1374 978 τούς
1409 918 1755 977 παρεστῶτας

855 996 1034 1068 γόους.

295 1090 465 1153 οἴμοι,
495 1087 550 1137 τί
570 1081 783 1152 δράσω;
809 1078 996 1150 πότερ’
1025 1079 1260 1151 ἐμαυτὸν
1283 1076 1318 1151 ἦ
1341 1081 1502 1136 πόλιν
1645 1094 1755 1137 1310

300 1168 469 1221 στένω
496 1165 798 1236 δακρύσας,
823 1162 892 1236 ἣν
916 1166 1068 1235 πέριξ
1096 1171 1203 1235 ἔχει
1227 1167 1394 1235 νέφος

300 1255 551 1306 τοιοῦτον
579 1246 715 1304 ῶστε
741 1246 815 1304 δι’
838 1247 1149 1320 Ἀχέροντος
1175 1251 1342 1315 ίέναι;

300 1334 424 1406 ἐμός
448 1356 505 1388 τε
529 1332 632 1405 γὰρ
657 1346 782 1398 παῖς
803 1339 901 1404 γῆς
927 1330 1092 1388 ὄλωλ’
1125 1331 1480 1404 ὑπερθανών,

297 1416 538 1488 τοῦνομα
562 1417 748 1489 λαβών
774 1430 1057 1488 γενναῖον,
1085 1415 1314 1484 ἀνιαρὸν
1339 1415 1390 1472 δ’
1419 1421 1563 1489 ἐμοί·

298 1498 363 1557 ὂν
388 1499 508 1573 άρτι
535 1508 794 1573 κρημνῶν
819 1505 876 1557 ἐκ
902 1506 1270 1573 δρακοντείων
1294 1501 1433 1557 ἑλῶν
1649 1514 1755 1557 1315

298 1583 617 1657 αὐτοσφαγῆ
645 1586 910 1657 δύστηνος
936 1583 1143 1656 ἐκόμισ’
1172 1589 1231 1641 ἐν
1253 1599 1456 1658 χεροῖν,

298 1676 403 1744 βοᾷ
428 1670 487 1725 δὲ
512 1675 666 1741 δῶμα
691 1676 824 1725 πᾶν·
853 1668 957 1740 ἐγώ
984 1667 1033 1724 δ’
1064 1667 1177 1740 ἥκω
1202 1669 1335 1740 μετὰ

298 1757 476 1825 γέρων
501 1752 749 1825 άδελφὴν
773 1767 971 1825 γραῖαν
993 1751 1290 1825 Ἰοκάστην,
1318 1752 1465 1819 ὅπως

297 1838 469 1910 λούσῃ
495 1843 772 1910 προθῆταί
797 1836 844 1893 τ’
874 1835 1054 1893 οὐκέτ’
1087 1836 1218 1894 ὄντα
1245 1836 1395 1894 παῖδ’
1427 1838 1574 1910 ἐμόν.

296 1935 406 1987 τοῖς
429 1920 532 1993 γὰρ
561 1928 802 1978 θανοῦσι
825 1921 926 1994 χρὴ
952 1921 1047 1977 τὸν
1079 1919 1145 1978 οὐ
1169 1922 1474 1995 τεθνηκότα
1646 1936 1754 1979 1320

296 2004 453 2076 τιμὰς
478 2006 703 2062 διδόντα
719 2007 951 2078 χθόνιον
976 2003 1226 2078 εὐσεβεῖν
1250 2007 1405 2063 θεόν.

296 2087 487 2162 βέβηκ’
517 2088 729 2163 ἀδελφὴ
759 2093 857 2164 σή,
880 2097 1098 2165 Κρέων,
1119 2097 1216 2161 ἔξω
1239 2095 1425 2164 δόμων

292 2177 446 2245 [κόρη
473 2197 530 2229 τε
555 2178 755 2246 μητρὸς
777 2178 1057 2249 Ἀντιγόνη
1084 2186 1250 2249 κοινῶ
1276 2183 1442 2250 ποδί].

293 2272 390 2315 ποῖ
410 2256 543 2314 κάπὶ
567 2266 731 2315 ποιάν
756 2259 1083 2331 συμφοράν;
1111 2260 1344 2331 σήμαινέ
1373 2284 1478 2331 μοι.
1517 2292 1524 2299 ·

294 2340 498 2414 ἤκουσε
522 2346 686 2399 τέκνα
712 2344 999 2417 μονομάχῳ
1023 2347 1242 2414 μέλλειν
1270 2346 1393 2411 δορὶ
1646 2358 1753 2401 1325

299 2433 374 2491 εἰς
399 2425 587 2483 ἀσπίδ’
616 2426 766 2499 ἥξειν
788 2434 1087 2498 βασιλικῶν
1114 2428 1299 2498 δόμων
1324 2426 1480 2499 ὕπερ.

294 2517 408 2576 πῶς
434 2512 569 2582 φής;
600 2515 772 2567 νέκυν
795 2535 877 2567 τοι
901 2510 1094 2575 παιδὸς
1119 2509 1408 2582 ἀγαπάζων
1433 2516 1567 2584 ἐμοῦ

298 2592 400 2649 οὐκ
427 2601 503 2660 εἰς
525 2594 641 2651 τόδ’
674 2589 852 2666 ἦλθον
879 2592 1015 2651 ῶστε
1039 2597 1131 2651 καὶ
1154 2594 1273 2651 τάδ’
1305 2599 1525 2652 εἰδέναι.

292 2676 411 2733 ἀλλ’
441 2688 642 2749 οἴχεται
665 2680 765 2751 μὲν
787 2679 854 2750 σὴ
885 2679 1180 2751 κασιγνήτη
1206 2681 1396 2736 πάλαι·

298 2767 442 2818 δοκῶ
474 2761 530 2818 δ’
565 2761 750 2835 ἀγῶνα
775 2761 871 2818 τὸν
896 2765 1022 2836 περὶ
1046 2769 1247 2835 ψυχῆς,
1272 2767 1472 2837 Κρέον,
1644 2779 1752 2823 1330

300 2844 402 2917 ἤδη
427 2853 739 2919 πεπρᾶχθαι
763 2850 918 2903 παισὶ
942 2860 1113 2903 τοῖσιν
1142 2853 1395 2905 Οἰδίπου.
