2018 3117
127 271 243 320 ΟΔ.

125 355 269 404 ΣΕΙ.

127 440 242 487 ΟΛ.

125 523 242 571 ΟΔ.

125 691 240 739 ΟΔ.

121 775 265 823 ΣΕΙ.

120 944 238 992 ΟΛ.

121 1028 262 1076 ΣΕΙ.

122 1113 238 1160 ΟΛ.

116 1197 170 1244 Σ
175 1197 260 1244 ΕΙ.

120 1282 235 1329 ΟΔ.

116 1365 260 1413 ΣΕΙ.

795 124 1032 170 ΚΥΚΛΩ
1045 126 1102 171 Ψ
1667 122 1763 173 173

311 265 402 319 καὶ
429 261 538 334 μὴν
562 266 773 334 ε’φέλκω
799 266 890 318 καὶ
915 260 1108 340 ποτῇρ’
1135 262 1308 319 ἀσκοῦ
1333 265 1480 335 μέτα.

307 344 434 419 φέρ’
464 347 788 418 ἐγκάναξον,
822 344 894 412 ῶς
923 340 1261 418 ἀναμνησθῶ
1286 347 1444 404 πιῶν.

313 431 453 486 ι’δοῦ.
481 439 627 486 ΣΕΙ.
653 431 918 501 παπαιάξ,
949 429 1021 496 ῶς
1044 431 1218 502 καλὴν
1246 429 1422 503 ὀσμὴν
1452 437 1575 502 ἔχει.

314 515 454 579 εἶδες
478 514 581 586 γὰρ
608 513 810 587 αὐτήν,
846 522 991 570 ΣΕΙ.
1029 512 1096 569 οῦ
1132 515 1206 586 μὰ
1232 514 1351 586 Δί’,
1382 513 1501 572 ἀλλ’
1529 513 1764 587 ὀσφραί-

875 622 1053 669 νομαι.

308 690 510 755 γεῦσαί
529 707 663 753 νυν,
692 681 764 747 ῶς
793 679 862 738 ἂν
890 682 961 754 μὴ
989 683 1135 758 λόγῳ
1160 681 1380 756 ’παινῇς
1404 684 1593 755 μόνον.
1682 699 1763 740 155

306 775 497 839 βαβαί·
528 773 785 839 χορεῦσαι
809 775 1116 839 παρακαλεῖ
1133 766 1190 838 μ’
1221 765 1248 823 ὁ
1272 768 1518 839 Βάκχιος.

308 845 341 907 ἆ
369 846 402 907 ἆ
431 845 480 907 ἆ.

308 943 426 1008 μῶν
451 934 548 991 τὸν
570 936 818 1007 λάρυγγα
843 936 1130 1002 διεκάναξέ
1152 957 1252 992 σου
1278 942 1484 1003 καλῶς;

307 1018 436 1077 ὥστ’
465 1026 540 1085 εἰς
565 1017 767 1091 ἄκρους
792 1044 854 1091 γε
882 1019 1008 1086 τοὺς
1033 1017 1232 1091 ὄνυχας
1257 1018 1500 1091 ἄφίκετο.

305 1104 440 1177 πρὸς
466 1110 606 1179 τῷδε
631 1107 815 1175 μέντοι
840 1108 930 1162 καὶ
953 1104 1192 1177 νόμισμα
1218 1105 1483 1177 δώσομεν.
1681 1121 1760 1164 160

302 1190 438 1260 χάλα
467 1188 564 1244 τὸν
592 1186 762 1245 άσκόν
790 1190 986 1260 μόνον·
1014 1196 1074 1245 ἔα
1098 1189 1158 1246 τὸ
1187 1196 1435 1262 χρυσίον.

302 1276 563 1346 ἐκφέρετέ
582 1297 689 1328 νυν
719 1271 1014 1346 τυρεύματ’
1042 1270 1078 1345 ἢ
1101 1274 1290 1346 μήλων
1318 1275 1497 1331 τόκον.

303 1359 486 1430 δράσω
514 1355 655 1427 τάδ’,
682 1356 873 1429 ὀλίγον
902 1366 1198 1430 φροντίσας
1221 1381 1284 1429 γε
1310 1363 1607 1416 δεσποτῶν.

305 1441 375 1507 ῶς
404 1446 614 1498 ἐκπιεῖν
642 1439 695 1512 γ’
727 1438 795 1497 ἂν
818 1444 1016 1499 κύλικα
1040 1450 1336 1513 μαινοίμην
1361 1449 1509 1515 μίαν,

301 1527 523 1582 πάντων
546 1526 873 1583 Κυκλώπων
898 1525 1155 1592 ἀντιδοὺς
1177 1528 1506 1599 βοσκήματα,
1678 1544 1759 1587 165

300 1613 463 1681 ῥίψας
484 1607 533 1664 τ’
563 1613 615 1675 ἐς
639 1608 815 1681 ἅλμην
852 1612 1106 1675 λισσάδος
1130 1614 1327 1683 πέτρας
1352 1611 1474 1683 ἄπο,

300 1693 437 1760 ἅπαξ
465 1698 772 1765 μεθυσθεὶς
800 1694 1124 1768 καταβαλῶν
1149 1718 1206 1751 τε
1231 1694 1324 1761 τὰς
1350 1694 1542 1769 ὀφρῦς.

300 1782 372 1844 ῶς
395 1777 453 1844 ὅς
478 1802 541 1850 γε
564 1787 743 1836 πίνων
770 1779 842 1851 μὴ
865 1784 1070 1853 γέγηθε
1093 1786 1343 1851 μαίνεται
1358 1801 1368 1811 ·

236 1932 237 1935 ¹
299 1861 373 1919 ἵν’
404 1871 516 1919 ἔστι
539 1871 696 1920 τουτί
716 1861 765 1919 τ’
795 1861 971 1937 ὀρθὸν
1000 1865 1340 1935 ἐξανιστάναι

109 2377 223 2425 ΧΟ.

112 2461 228 2509 ΟΔ.

106 2545 222 2593 ΧΟ.

110 2630 226 2678 ΟΔ.

300 1954 507 2019 μαστοῦ
529 1971 587 2004 τε
610 1947 850 2021 δραγμός
873 1952 964 2006 καὶ
988 1953 1506 2022 παρεσκευασμένου
1678 1965 1757 2010 170

298 2039 503 2099 ψαῦσαι
529 2046 715 2103 χεροῖν
739 2041 1029 2107 λειμῶνος,
1057 2031 1323 2106 ὀρχηστύς
1349 2033 1410 2090 θ’
1438 2033 1546 2107 ἅμα

299 2123 485 2173 κακῶν
509 2141 566 2174 τε
590 2124 789 2189 λῆστις.
818 2117 916 2175 εἶτ’
947 2120 1052 2192 ἐγώ
1083 2116 1182 2174 οῦκ
1205 2118 1488 2188 ὠνήσομαι

299 2201 514 2258 τοιόνδε
537 2209 724 2274 πῶμα,
750 2202 851 2275 τὴν
872 2203 1179 2268 Κύκλωπος
1203 2202 1450 2275 ἀμαθίαν

296 2292 506 2342 κλαίειν
528 2286 775 2344 κελεύων
798 2291 890 2344 καὶ
912 2288 1010 2345 τὸν
1034 2287 1330 2363 ὀφθαλμὸν
1351 2292 1519 2361 μέσον
1533 2316 1547 2358 ;

293 2367 472 2441 ἄκου’,
491 2368 760 2428 Ὀδυσσεῦ
777 2416 790 2443 ,
818 2374 1230 2446 διαλαλήσωμέν
1253 2378 1312 2429 τί
1329 2391 1431 2430 σοι.
1672 2388 1751 2432 175

297 2456 388 2510 καὶ
410 2454 520 2526 μὴν
543 2463 695 2528 φίλοι
718 2480 780 2527 γε
805 2462 1190 2530 προσφέρεσθε
1216 2455 1352 2529 πρὸς
1376 2464 1559 2529 φίλον.

293 2538 513 2609 ἐλάβετε
544 2547 744 2613 Τροίαν
770 2540 871 2612 τὴν
895 2539 1117 2614 Ἑλένην
1142 2567 1199 2599 τε
1221 2548 1464 2615 χειρίανις

296 2624 387 2678 καὶ
414 2622 590 2679 πάντα
612 2622 666 2695 γ’
695 2625 847 2681 οἷκον
870 2632 1200 2698 Πριαμιδῶν
1223 2628 1543 2699 ε’πέρσαμεν.

108 2714 221 2762 ΧΟ.
290 2703 500 2762 οῦκουν
537 2707 724 2781 ἐπειδὴ
750 2707 851 2779 τὴν
871 2716 1063 2767 νεᾶνιν
1090 2717 1274 2781 εἵλετε,

293 2788 527 2856 ἅπαντες
549 2789 726 2864 αὐτὴν
749 2793 1122 2867 διεκροτήσατ’
1150 2799 1210 2852 ἐν
1232 2817 1401 2866 μερει,
1668 2808 1748 2851 180

292 2877 416 2931 ἐπεί
436 2897 497 2944 γε
520 2884 737 2942 πολλοῖς
760 2875 948 2949 ἥδεται
972 2883 1317 2952 γαμουμένη;
