2018 3117
485 96 861 142 ΙΦΙΓΕΝΕΙΑ
894 95 951 139 Η
977 95 1074 140 ΕΝ
1110 95 1406 140 ΤΑΥΡΟΙΣ
1697 89 1764 143 73

310 234 558 290 δύσνουν
582 257 648 305 με
672 229 928 305 λήψεσθ’,
955 234 1149 296 οῑτινές
1174 229 1307 287 ποθ’
1336 228 1509 301 ἥκετε.
1682 245 1766 289 350

500 315 753 336 n’2l'v

309 321 400 374 καὶ
424 340 557 373 τουτ
607 342 673 389 αρ
724 341 795 417 ην
819 313 1051 387 ἀληθές,
1077 312 1361 386 ᾐσθόμην,
1389 321 1574 386 φίλαι·

310 407 367 457 οἱ
388 407 674 472 δυστυχεῖς
699 400 801 473 γὰρ
827 413 1002 455 τοῖσιν
1028 395 1432 469 εὐτυχεστέροις

312 483 471 541 αὐτοὶ
495 492 672 550 καλῶς
697 483 995 555 πράξαντες
1020 480 1086 537 οὐ
1114 488 1421 551 φρονοῦσιν
1449 474 1528 537 εὖ.

311 567 432 625 ἀλλ’
462 567 588 625 οὔτε
613 574 829 638 πνεῦμα
852 566 1068 622 Διόθεν
1094 559 1234 636 ἦλθε
1259 565 1493 634 πῶποτε,

311 652 378 709 οὐ
405 659 670 724 πορθμίς,
700 650 812 722 ἥτις
839 649 930 706 διὰ
955 652 1151 719 πέτρας
1177 650 1586 720 Συμπληγάδας
1681 663 1765 706 355

302 735 523 807 ‘'rEaemqv
549 733 786 806 απήγαγ’
817 731 1012 790 ἔνθαδ’
1021 730 1179 804 ,ἤ
1121 757 1156 788 ιι
1207 730 1359 787 ἇπῶλ
1368 751 1471 803 εσε,

311 821 611 876 [Μενέλεών
635 817 717 887 θ’,
745 817 819 874 ι’ν’
850 816 1052 882 αὐτοὺς
1078 814 1615 888 αντετιμωρησάμην,

311 904 410 976 τὴν
435 900 630 959 ἔνθαδ’
639 895 823 958 Αῦλιν
848 899 1136 957 αντιθεϊσα
1161 907 1252 972 τῆς
1279 905 1405 970 ἐκεῖ,

311 981 379 1044 οῦ
403 986 460 1059 μ’
490 986 626 1043 ῶστε
651 987 853 1058 μόσχον
876 991 1155 1041 Δαναΐδαι
1173 984 1517 1055 χειρούμενοι

310 1079 572 1145 ἔσφαζον,
602 1070 780 1141 ἱερεὺς
807 1067 859 1125 δ’
895 1063 961 1141 ἦν
986 1067 1012 1124 ὁ
1043 1070 1310 1141 γεννήσας
1335 1068 1528 1140 πατήρ.
1683 1082 1768 1126 360

310 1166 480 1228 οἴμοι·
510 1163 695 1211 κακῶν
720 1154 822 1226 γὰρ
848 1160 958 1209 τῶν
984 1151 1096 1209 τότ’
1127 1150 1228 1209 οὐκ
1256 1150 1573 1223 ἀμνημονῶ,

310 1258 438 1305 οσας
463 1246 681 1311 γενείου
707 1252 887 1309 χειρας
913 1237 1227 1309 ἐξηκόντισα

310 1348 557 1397 γονατων
581 1347 637 1379 τε
662 1330 761 1378 τοῦ
788 1322 1036 1385 τεκόντος
1062 1324 1420 1392 ἐξαρτωμένη,

310 1411 545 1479 λέγουσα
570 1405 775 1463 τοιαδ’·
805 1408 844 1461 ῶ
873 1429 1039 1476 πατερ
1055 1404 1449 1475 ,νυμφεύομαι

309 1489 656 1564 νυμφεύματ’
688 1489 879 1560 αἰσχρα
905 1489 1040 1558 πρὸς
1065 1491 1258 1543 σε’·θεν
1285 1488 1459 1559 μήτηρ
1487 1485 1539 1542 δ’
1569 1488 1659 1558 ἐμὲ
1684 1501 1766 1545 365

310 1579 479 1632 σε’θεν
504 1580 949 1637 κατακτείνοντος
980 1571 1225 1643 Ἀργεϊαί
1244 1596 1300 1627 τε
1326 1579 1433 1637 νῦν

309 1657 586 1732 ὑμνοῦσιν
611 1657 985 1759 ὑμεναίοισιν,
1015 1654 1264 1711 αύλειται
1291 1656 1349 1711 δε
1376 1662 1486 1710 πᾶν

307 1746 612 1816 μέ·λαθρον
640 1741 792 1814 ἡμεῖς
818 1739 869 1797 δ’
900 1738 1218 1811 ὀλλύμεσθα
1243 1738 1377 1810 πρὸς
1403 1743 1586 1794 σέ.θεν

295 1826 482 1927 ’ᾉιδης
509 1826 785 1898 Ἀχιλλευς
810 1819 879 1896 ἦν
906 1822 995 1896 αρ’
1003 1822 1146 1895 ,οὐχ
1172 1821 1199 1879 ὁ
1226 1826 1471 1894 Πηλέως,

308 1909 374 1968 ὅν
399 1936 489 1983 μοι
515 1918 802 1983 προτείνας
826 1909 1014 1978 πόσιν,
1054 1912 1112 1965 ἐν
1138 1932 1394 1980 αρματων
1419 1905 1477 1978 μ’
1508 1905 1651 1978 ὄχοις
1686 1919 1770 1964 370

311 2002 386 2061 εἰς
411 1994 713 2067 αἱματηρὸν
737 1994 912 2066 γάμον
938 1992 1320 2064 ἐπόρθμευσας
1347 1992 1506 2066 δόλῳ.

308 2079 412 2152 ἐγω
440 2081 500 2136 δὲ
525 2085 738 2135 λεπτῶν
764 2076 907 2148 ὄμμα
933 2075 1024 2132 διὰ
1049 2077 1418 2147 καλυμμάτων

310 2162 513 2235 ἕχουσ’,
549 2161 794 2235 ἀδελφόν
819 2160 867 2217 τ’
899 2159 1002 2216 οὐκ
1029 2158 1326 2232 ἀνειλόμην
1350 2174 1553 2232 χεροῖν,

308 2246 366 2314 ὃς
390 2255 497 2304 νῦν
525 2246 758 2316 ὄλωλεν,
787 2243 854 2301 οῦ
880 2245 1178 2318 κασιγνήτῃ
1206 2245 1376 2316 στόμα

307 2330 511 2403 7υνῆψ’
543 2329 639 2387 ὑπ’
669 2335 888 2400 αἰδοῦς,
916 2353 988 2394 ως
1015 2327 1158 2385 ιὀῦσ’
1191 2335 1264 2394 εἰς
1287 2331 1514 2400 Πηλέως
1684 2339 1768 2385 375

307 2419 582 2488 μέ·λαθρα
610 2414 783 2471 πολλὰ
809 2412 857 2470 δ’
887 2411 1173 2484 απεθέμην
1198 2411 1519 2483 ασπάσματα

311 2507 586 2571 εἰσαῦθις,
615 2522 686 2564 ως
712 2495 898 2570 ηξουσ’
940 2501 992 2563 ἐς
1012 2496 1211 2569 ’Ἄργος
1238 2490 1310 2553 αὖ
1335 2497 1516 2553 παλιν.

311 2587 351 2639 ῶ
379 2591 612 2655 τλῆμον,
642 2589 691 2639 εἰ
713 2585 1011 2652 τέθνηκας,
1039 2585 1090 2648 ἐξ
1119 2587 1252 2637 οἵων
1277 2587 1462 2636 καλῶν

311 2674 515 2740 ἔρρεις,
549 2665 798 2738 Ὀρέ,στα
828 2669 918 2721 καὶ
945 2665 1146 2736 πατρὸς
1173 2666 1512 2737 ζηλωμάτων.

311 2760 1181 2795 ************

311 2834 377 2890 τὰ
398 2838 493 2905 τῆς
516 2840 657 2890 θεοῦ
695 2835 754 2889 δὲ
779 2837 1059 2905 μέμφομαι
1085 2839 1410 2905 σοφίσματα,
1685 2842 1767 2885 380
