2018 3117
114 1151 227 1199 ΧΟ.

115 1403 219 1452 ΟΡ.

111 1571 218 1619 ΦΡ.

114 1738 218 1787 ΟΡ.

111 1823 218 1871 ΦΡ.

115 1991 219 2040 ΟΡ.

112 2076 220 2124 ΦΡ.

115 2160 219 2208 ΟΡ.

113 2244 219 2292 ΦΡ.

117 2412 223 2461 ΟΡ.

114 2579 222 2630 ΦΡ.

118 2664 223 2713 ΟΡ.

115 2832 224 2880 ΦΡ.

785 80 956 128 ΟΡΕΣ
961 81 1097 128 ΤΗΣ
1644 82 1744 133 297

296 217 649 292 ξυνήρπασαν
665 238 676 248 ·
705 220 869 276 πάλιν
894 220 953 276 δὲ
977 219 1077 276 τὰν
1098 218 1234 286 Διὸς
1258 219 1431 294 κόραν

297 304 386 359 ἐπὶ
414 301 633 375 σφαγὰν
659 309 892 360 ἔτεινον·
920 301 954 359 ἃ
982 302 1038 359 δ’
1066 307 1124 360 ἐκ
1147 304 1414 376 θαλάμων

304 388 516 457 ἐγένετο
548 386 745 461 διαπρὸ
773 387 1040 458 δωμάτων
1064 386 1304 460 ἄφαντος
1640 401 1749 446 1495

298 463 341 526 ὦ
362 477 472 526 Ζεῦ
496 473 586 526 καὶ
610 477 679 542 γά
701 472 793 527 καὶ
816 478 933 543 φῶς
958 473 1049 525 καὶ
1072 471 1190 542 νύξ,

298 552 419 627 ἤτοι
445 555 813 628 φαρμάκοισιν
837 551 872 626 ἢ
894 554 1085 626 μάγων

301 642 574 710 τέχναισιν
601 635 636 710 ἢ
658 644 811 694 θεῶν
837 646 1078 702 κλοπαῖς.

300 722 365 779 τὰ
390 721 443 778 δ’
471 720 654 794 ὕστερ’
683 719 866 778 οὐκέτ’
896 722 1044 778 οἶδα·
1072 727 1207 794 δρα-

299 809 467 877 πέτην
491 806 595 879 γὰρ
623 808 940 873 ἐξέκλεπτον
965 810 1022 861 ἐκ
1048 806 1234 877 δόμων
1257 806 1415 863 πόδα.

297 891 582 947 πολύπονα
606 890 666 946 δὲ
689 890 974 947 πολύπονα
997 890 1180 946 πάθεα
1642 907 1754 950 1500

300 977 586 1040 Μενέλαος
610 972 976 1046 ἀνασχόμενος
1001 972 1270 1045 ἀνόνητον
1295 971 1399 1030 ἀπὸ

307 1066 503 1132 Τροιάς
533 1064 693 1130 ἔλαβε
716 1058 814 1115 τὸν
833 1057 1048 1123 Ἑλένας
1073 1058 1264 1130 γάμον.

295 1146 386 1200 καὶ
409 1142 518 1216 μὴν
542 1140 755 1215 ἀμείβει
789 1142 973 1201 καινὸν
998 1146 1057 1198 ἐκ
1086 1148 1295 1199 καινῶν
1320 1143 1443 1199 τόδε
1459 1162 1471 1173 ·

300 1227 608 1301 ξιφηφόρον
636 1250 739 1300 γαρ
766 1233 959 1299 εἰσορω
984 1225 1088 1297 πρὸ
1115 1226 1381 1297 δωμάτων

300 1309 546 1384 βαίνοντ’
569 1309 826 1385 Ὀρέστην
851 1312 1163 1385 ἐπτοημένῳ
1188 1315 1333 1366 ποδί.
1645 1327 1754 1369 1505

297 1402 404 1452 ποῦ
443 1396 583 1450 στιν
621 1399 781 1460 οὑτος
819 1419 878 1460 ος
918 1399 1196 1465 πέφευγεν
1234 1398 1291 1449 ἐκ
1329 1395 1514 1465 δόμων
1551 1393 1756 1467 τούμὸν

857 1481 1041 1551 ξίφος;

299 1569 593 1636 προσκυνῶ
642 1561 716 1634 σ’,
765 1560 924 1633 ἅναξ,
972 1563 1188 1634 νόμοισι
1228 1562 1555 1636 βαρβάροισι
1584 1583 1756 1636 προσ-

863 1669 1088 1703 πιτνων.

295 1729 397 1788 οὐκ
423 1735 483 1788 ἐν
500 1729 638 1807 Ἰλίῳ
667 1729 782 1787 τάδ’
812 1735 987 1802 ἐστίν,
1017 1728 1136 1786 ἀλλ’
1168 1734 1228 1787 ἐν
1246 1728 1464 1806 Ἀργεία
1489 1739 1670 1804 χθονί.

296 1821 574 1887 πανταχοῦ
624 1822 719 1887 ζῆν
766 1813 874 1887 ἡδὺ
922 1822 1130 1887 μᾶλλον
1174 1811 1211 1887 ἢ
1256 1825 1457 1872 θανεῖν
1489 1829 1602 1883 τοῖς
1648 1817 1758 1873 σώ-

858 1920 1075 1973 φροσιν.

299 1980 420 2040 οῧτι
447 2005 555 2039 που
589 1984 840 2057 κραυγὴν
869 1991 1073 2057 ἔθηκας
1107 1987 1372 2041 Μενέλεω
1397 1990 1756 2059 βοηδρομειν;

298 2069 386 2124 σοὶ
411 2091 512 2139 μεν
536 2070 641 2124 οὐν
663 2067 817 2141 ἔγωγ’
845 2066 1106 2141 ἀμύνειν·
1137 2066 1423 2141 ἀξιώτερος
1440 2069 1545 2142 γὰρ
1572 2070 1634 2126 εἶ.
1651 2084 1758 2127 1511

295 2155 524 2217 ἐνδίκως
553 2150 586 2224 ἡ
618 2153 953 2226 Τυνδάρειος
977 2155 1082 2226 ἀρα
1107 2167 1233 2219 παις
1251 2154 1507 2210 διώλετο·
1495 2180 1508 2222 ;

296 2235 634 2309 ἐνδικώτατ’,
691 2246 838 2310 εἴγε
871 2237 1101 2310 λαιμοὺς
1147 2238 1254 2309 εἶχε
1286 2238 1615 2310 τριπτύχους
1649 2246 1760 2293 θα-

864 2336 1000 2379 νεῖν.

300 2409 477 2479 δειλίᾳ
514 2406 733 2480 γλώσσῃ
768 2414 998 2478 χαρίζει,
1041 2404 1246 2461 τᾶνδον
1297 2403 1399 2477 οὐχ
1438 2402 1583 2461 οὕτω
1618 2428 1760 2479 φρο-

865 2497 998 2546 νῶν.

299 2570 366 2628 οὐ
402 2596 522 2646 γαρ,
547 2571 664 2645 ἥτις
693 2572 905 2631 Ἑλλάδ’
939 2572 1124 2639 αὐτοῖς
1159 2575 1335 2647 Φρυξὶ
1365 2575 1759 2647 διελυμήνατο;

301 2652 530 2728 ὄμοσον,
580 2664 630 2713 εἰ
678 2659 739 2716 δὲ
782 2658 856 2730 μή
873 2702 886 2729 ,
928 2664 1100 2715 κτενῶ
1151 2675 1238 2729 σε,
1286 2656 1358 2729 μὴ
1404 2661 1586 2731 λέγειν
1623 2658 1760 2731 ἐμὴν

858 2742 1036 2814 χάριν.
1650 2756 1761 2801 1516

301 2823 401 2897 τὴν
427 2824 562 2897 ἐμὴν
586 2824 771 2898 ψυχὴν
795 2823 1088 2897 κατώμοσ’,
1127 2822 1197 2898 ἣν
1226 2821 1294 2881 ὂὶν
1321 2823 1603 2899 εὐορκοῖμ’
1636 2825 1758 2899 ἐγώ.
