2018 3117
247 107 345 158 100

249 256 343 306 ΙΦ.

245 424 343 474 ΙΦ.

244 592 344 644 ΙΦ.

246 761 344 810 ΙΦ.

246 929 349 981 ΙΦ.

247 1100 345 1154 ΙΦ.

244 1272 347 1322 ΙΦ.

245 1441 344 1494 ῙΦ.

620 109 997 156 ΙΦΙΓΕΝΕΙΑ
1031 109 1090 154 Η
1119 109 1218 155 ΕΝ
1257 109 1556 156 ΤΑΥΡΟΙΣ

433 247 503 305 σύ
550 249 611 304 δὲ
645 250 830 320 μένων
865 244 1038 306 αὐτοῦ
1086 246 1192 318 πρὸ
1229 254 1381 304 ναῶν
1415 255 1480 322 τῇ
1514 254 1633 325 θεῷ
1683 256 1798 306 ΘΟ.
1845 255 1900 306 τί

991 338 1169 406 χρῆμα
1193 337 1333 403 δρῶ;
1788 348 1898 391 1215

433 414 661 489 ἅγνισον
685 424 881 494 πυρσῷ
906 420 1204 490 μέλαθρον.
1233 416 1616 490 ΘΟ.καθαρόν
1643 416 1714 485 ῶς
1730 418 1898 492 μόλῃς

993 502 1191 570 πάλιν;

434 583 584 658 ἡνίκ’
613 581 683 643 ἂν
711 583 768 643 δ’
799 590 899 655 ἔξω
923 593 1167 660 περῶσιν
1194 591 1251 643 oc
1269 588 1432 659 ξένοι,
1460 594 1575 643 ΘΟ.
1613 594 1671 643 τί
1695 587 1799 660 χρή
1832 610 1897 659 με

996 677 1164 745 δρᾶν;

433 756 643 813 πέπλον
667 752 928 829 ὀμμάτων
949 759 1281 831 προθέσθαι.
1312 763 1427 813 ΘΟ.
1455 755 1528 829 μὴ
1554 764 1900 829 παλαμναῖον

993 843 1174 914 λάβω;

438 921 509 997 ἦν
536 922 591 982 δ’
620 923 763 999 ἄγαν
797 930 945 984 δοκῶ
968 932 1259 1000 χρονίζειν,
1301 933 1417 982 ΘΟ.
1453 924 1615 982 τοῦδ’
1657 923 1784 1001 ὅρος
1817 933 1901 994 τίς

994 1016 1112 1069 ε’στί
1139 1034 1258 1082 μοις

433 1094 728 1169 θαυμάσῃς
763 1098 958 1170 μηδέν.
1003 1104 1101 1154 ΘΟ
1163 1094 1229 1151 τὰ
1265 1102 1361 1167 τῆς
1393 1102 1535 1152 θεοῦ
1571 1094 1771 1167 πρᾶσσ’
1811 1098 1896 1154 ἐπὶ

993 1184 1189 1253 σχολῆς
1210 1186 1358 1236 καλ
1317 1203 1404 1247 ως.
1791 1196 1899 1238 1220

438 1272 488 1322 εἰ
508 1263 614 1329 γὰρ
641 1262 715 1330 ῶς
740 1268 889 1322 θέλω
915 1263 1203 1338 καθαρμὸς
1226 1261 1321 1321 ὅδε
1345 1269 1518 1322 πέσοι.
1549 1243 1664 1323 ΘΟ.
1692 1266 1894 1323 συνεύ-

989 1373 1163 1423 ἕξομαι

433 1431 626 1492 τούσδ’
656 1431 735 1508 αρ’
765 1439 1120 1508 ἐκβαίνοντας
1144 1432 1250 1508 ἤδη
1278 1433 1597 1508 δωμάτων“
1570 1442 1685 1509 ορῶ
1709 1439 1896 1504 ξένους

433 1522 526 1578 καὶ
559 1526 694 1586 θεᾶς
743 1524 954 1592 κόσμον
1003 1520 1271 1593 νεογνούς
1306 1517 1356 1576 τ’
1397 1517 1593 1593 άρνας,
1630 1518 1702 1587 ῶς
1739 1520 1896 1596 φόνῳ

995 1606 1174 1679 φόνον

432 1687 685 1764 μυσαρὸν
710 1692 944 1761 ἐκνίψω,
981 1693 1141 1755 σέλας
1169 1711 1225 1744 τε
1261 1689 1565 1761 λαμπάδων
1601 1690 1666 1745 τά
1693 1687 1743 1745 τ’
1773 1687 1893 1746 ἄλλ’

993 1772 1094 1830 ὅσα

432 1860 760 1933 προυθέμην
785 1858 890 1931 ἐγω
916 1861 1117 1927 ξένοισι
1142 1860 1233 1914 καὶ
1257 1864 1365 1932 θεᾷ
1392 1859 1686 1932 καθάρσια.
1787 1874 1896 1917 1225

431 1942 683 2002 ἐκποδῶν
707 1940 760 1999 δ’
791 1941 946 2001 αὐδῶ
966 1950 1210 2009 πολίταις
1227 1940 1381 1999 τοῦδ’
1414 1950 1558 2015 ἔχειν
1581 1945 1896 2017 μιάσματος,

434 2039 488 2086 εἴ
509 2053 586 2094 τις
611 2025 646 2101 ἦ
671 2035 822 2085 ναῶν
839 2028 1095 2101 πυλωρὸς
1117 2042 1302 2101 χεῖρας
1326 2026 1550 2100 ἁγνεύει
1575 2038 1728 2096 θεοῖς

432 2110 468 2188 ἦ
492 2113 667 2187 γάμον
692 2120 890 2185 στείχει
911 2114 1179 2179 συνάψων
1206 2109 1240 2184 ἢ
1267 2112 1446 2180 τόκοις
1471 2114 1788 2186 βαρύνεται,

434 2194 660 2272 φεύγετ’
690 2201 1002 2269 ἐξίστασθε,
1029 2198 1103 2270 μή
1131 2221 1204 2272 τῳ
1231 2201 1511 2272 προσπέσῃ
1544 2199 1716 2269 μύσος
1751 2199 1894 2254 τόδε.

434 2277 478 2340 ῶ
525 2282 663 2350 Διὸς
710 2289 926 2355 Λητοῦς
977 2279 1026 2338 τ’
1078 2280 1288 2338 ἄνασσα
1327 2280 1588 2354 παρθέν’,
1635 2279 1706 2354 ἢν
1751 2289 1895 2350 νίψω

993 2367 1170 2440 φόνον
1785 2381 1896 2424 1230

431 2457 609 2510 τῶνδε
651 2453 745 2510 καὶ
782 2452 1050 2524 θύσωμεν
1084 2443 1154 2508 οὗ
1196 2450 1327 2523 χρή,
1366 2450 1621 2525 καθαρὸν
1658 2452 1895 2523 οἰκήσεις

993 2536 1181 2608 δόμον,

436 2618 683 2693 εὐτυχεῖς
708 2619 762 2678 δ’
791 2619 946 2694 ἡμεῖς
972 2622 1227 2694 ἐσόμεθα.
1259 2617 1428 2676 τᾶλλα
1454 2616 1508 2677 δ’
1545 2618 1614 2678 οὐ
1650 2618 1894 2694 λέγουσ’,

991 2730 1136 2778 ομως

413 2888 476 2940 ὥς
503 2885 688 2938 εἰκότως
721 2902 767 2931 σε
798 2888 923 2930 πᾶσα
955 2885 1177 2944 θαυμάζει
1210 2887 1359 2937 πόλις.
1793 2890 1897 2932 1214
