2018 3117
134 564 247 613 ΑΘ.

132 731 253 780 HA.

133 900 247 948 ΑΘ.

138 1745 273 1795 ΗΜ.

133 2502 249 2550 ΟΛ.

136 2669 267 2718 ΗΜ.

135 2837 249 2885 ΟΔ,

859 83 1088 130 ΡΗΣΟΣ
1674 81 1770 131 331

326 220 562 292 φύλαξιν
586 221 935 291 ἐμπέπτωκεν
962 217 1033 285 ὡς
1057 221 1387 277 κατάσκοποι

321 301 515 376 ἥκουσ’
542 302 788 375 Ἀχαιῶν.
815 298 892 375 χῶ
919 305 1019 375 μὲν
1045 302 1146 360 οὐκ
1173 303 1308 360 ι’ὃών
1330 306 1494 376 λέγει,

325 384 351 444 ὃ
382 385 434 444 δ’
465 387 684 445 εἰσιδών
707 389 971 460 μολόντας
996 385 1098 443 οὐκ
1118 395 1224 460 ἔχει
1250 388 1472 460 φράσαι,

323 465 401 527 ὧν
445 476 608 529 εἵνεκ’
648 471 809 537 εὐνὰς
834 470 1049 543 ἤλυθον
1075 472 1208 543 πρὸς
1223 470 1493 546 ’Έκτορος
1697 488 1778 531 660

314 558 486 628 μηδὲν
510 561 786 629 φοβηθῇς·
814 553 980 611 οὐδὲν
1006 558 1065 611 ἐν
1087 563 1297 630 στρατῷ
1321 559 1475 614 νέον·

311 638 519 714 ΓἘκτωρ
545 641 606 697 δὲ
629 644 874 713 φροῦδος
901 646 1089 712 Θρῇκα
1115 642 1391 712 κοιμήσων
1414 641 1661 714 στρατόν.

324 726 395 781 σύ
423 731 512 782 τοί
529 748 595 796 με
620 730 860 794 πείθεις,
886 736 1000 788 σοῖς
1027 725 1087 780 δὲ
1111 725 1386 781 πιστεύων
1408 725 1590 797 λόγοις

323 811 472 876 τάξιν
497 808 757 880 φυλάξων
781 805 888 879 εἶμ’
918 808 1209 880 ἐλεύθερος
1235 809 1430 880 φόβου.

315 895 506 965 χώρει·
537 896 722 963 μέλειν
744 891 848 964 γὰρ
875 891 1033 948 πάντ’
1067 896 1184 964 ἐμοὶ
1211 894 1363 949 δόκει
1387 892 1452 948 τὰ
1477 895 1561 964 σά,
1694 907 1776 951 665

323 976 450 1034 ὥστ’
486 975 853 1048 εὐτυχοῦντας
880 977 1194 1048 συμμάχους
1219 976 1383 1049 ἐμοὺς
1408 974 1560 1050 ὁρᾶν.

316 1062 517 1135 γνώσει
548 1061 609 1117 δὲ
632 1063 723 1117 καὶ
752 1059 822 1117 σὺ
847 1060 946 1132 τὴν
977 1061 1111 1132 ε’μὴν
1135 1068 1473 1134 προθυμίαν.

320 1145 461 1217 ὑμᾶς
485 1143 535 1202 δ’
567 1143 714 1202 ἀυτῶ
738 1144 866 1210 τοὺς
890 1143 1029 1215 ἄγαν
1053 1148 1412 1218 ἐρρωμένους,

317 1237 590 1302 Λαερτίου
617 1243 718 1286 παῖ
724 1273 737 1300 ,
764 1229 942 1300 θηκτὰ
967 1235 1206 1301 κοιμίσαι
1231 1233 1378 1302 ξίφη.

322 1328 494 1371 κεῖται
525 1313 628 1387 γὰρ
660 1312 789 1386 ἡμῖν
815 1314 1047 1387 Θρῄκιος
1071 1315 1452 1386 στρατηλάτης,
1697 1327 1780 1371 670

321 1404 474 1455 ἵπποι
499 1397 548 1454 τ’
584 1406 824 1469 ἔχονται,
851 1401 1097 1469 πολέμιοι
1121 1395 1174 1453 δ’
1203 1394 1509 1471 ᾐσθημένοι

324 1481 563 1554 χωροῦσ’
593 1481 681 1554 ἐφ’
710 1481 874 1553 ὑμᾶς·
901 1480 1021 1538 ἀλλ’
1049 1480 1181 1538 ὅσον
1203 1483 1421 1554 τάχιστα
1443 1480 1545 1554 χρὴ

320 1566 550 1639 φεύγειν
573 1565 707 1639 πρὸς
736 1564 932 1632 ὁλκοὺς
956 1566 1343 1639 ναυστάθμων.
1370 1573 1427 1623 τί
1455 1569 1674 1638 μέλλετε

320 1658 563 1724 σκηπτοῦ
593 1649 832 1717 ’πιόντος
857 1658 1132 1723 πολεμίων
1156 1654 1345 1718 στάζειν
1371 1655 1519 1721 βίον;

318 1743 378 1793 ε”α
405 1743 490 1793 ἔα·

320 1821 452 1892 βάλε
478 1821 610 1892 βάλε
633 1820 765 1892 βάλε
789 1820 938 1891 βάλε,
1697 1832 1777 1877 675

321 1906 455 1960 θένε
482 1906 641 1960 θένε·
668 1911 749 1969 τίς
772 1902 856 1960 ὅδ’
888 1903 1056 1975 ἆνήρ;

320 1989 601 2059 λεύσσετε,
627 1994 825 2045 τοῦτον
849 1986 1020 2044 αὐδῶ.

318 2079 530 2138 κλῶπες
556 2077 752 2138 οἵτινες
781 2070 904 2128 κατ’
935 2071 1152 2145 ὄρφνην

318 2158 480 2214 τόνδε
507 2164 723 2214 κινοῦσι
745 2157 992 2230 στρατόν.

322 2247 487 2315 δεῦρο
513 2247 678 2315 δεῦρο
707 2248 826 2308 πᾶς.
1696 2254 1779 2298 680

321 2324 514 2383 τούσδ’
545 2333 673 2398 ἔχω,
713 2325 905 2381 τούσδ’
949 2330 1180 2396 ἔμαρψα.

322 2416 402 2475 τίς
427 2408 456 2467 ὁ
483 2412 671 2482 λόχος;
698 2411 876 2467 πόθεν
902 2416 1028 2481 ἔβας
1044 2435 1057 2476 ;
1083 2407 1328 2473 ποδαπὸς
1354 2408 1402 2464 εἶ
1418 2434 1431 2476 3

333 2491 401 2550 οὔ
435 2512 495 2551 σε
526 2494 631 2568 χρὴ
667 2497 894 2551 εἰδέναι·
952 2502 1121 2548 θανεῐ
1159 2491 1263 2565 γὰρ
1301 2493 1539 2566 σήμερον
1576 2491 1779 2565 δράσας

882 2599 1076 2641 κακως.

321 2661 422 2717 οὐκ
448 2665 587 2734 ἐρεῖς
609 2663 888 2735 ξύνθημα,
915 2661 1117 2733 λόγχην
1145 2662 1277 2732 πρὶν
1301 2660 1392 2717 διὰ
1415 2662 1656 2734 στέρνων
1677 2683 1776 2732 μο·

884 2754 1032 2813 λεῖν;

321 2837 467 2886 ἴστω.
492 2830 706 2903 θάρσει.
735 2837 869 2889 HM.
896 2833 1058 2896 πέλας
1084 2838 1186 2886 ἴθι.
1212 2843 1338 2887 παῖε
1363 2835 1481 2894 πᾶς.
1693 2840 1775 2886 685
