2018 3117
505 83 882 133 ΙΦΙΓΕΝΕῙΑ
914 82 966 127 Η
1002 82 1099 127 ΕΝ
1136 78 1432 126 ΤΑΤΡΟΙΣ

322 234 528 292 δειναῖς
554 229 794 296 ἐχίδναις
821 227 896 286 εἰς
923 218 1008 293 ἔμ’
1038 219 1413 291 ἐστομωμένη·
1401 259 1414 283 ,

321 309 356 385 ἣ
383 311 437 369 δ’
469 315 527 367 ἐκ
552 309 801 415 χιτώνων
827 312 938 378 πῦρ
966 307 1208 360 πνέουσα
1233 303 1325 358 καὶ
1351 301 1525 372 φόνον

321 409 538 470 πτεροῖς
565 397 802 466 ἐρέσσει,
830 386 1018 491 μητέρ’
1048 387 1309 460 ἀγκάλαις
1336 383 1472 457 ἐμὴν

324 490 552 553 ἔχουσα,
581 482 839 550 πέτρινον
865 472 934 545 όχ
930 483 1065 544 θον,
1097 471 1169 538 ῶς
1194 470 1488 542 ἐπεμβάλῃ.

326 577 471 638 οἰμοι
506 576 691 620 κτενεῖ
710 580 803 634 με·
842 573 938 616 ποῖ
960 558 1150 630 φύγω;
1189 562 1372 629 παρῆν
1398 551 1450 609 δ
1482 549 1620 625 ὁρᾶν

326 649 393 707 οὐ
420 656 591 705 ταῦτα
617 652 833 748 μορφῆς
856 640 1106 715 σχήματ’,
1134 638 1254 697 ἆλ’λ
1284 637 1584 710 ἠλλάσσετο

325 734 578 807 φθογγάς
603 756 660 788 τε
685 732 905 803 μόσχων
930 752 1021 784 και
1045 733 1236 783 κυνῶν
1261 721 1331 780 υλ
1336 725 1563 795 άγματα,

326 817 417 877 δὲ’
423 815 590 891 φασκ’
624 815 840 887 Ἐρινῦς
868 816 1006 869 ἰέναι
1032 811 1337 884 μυκήματα.

330 903 485 978 ἡμεῖς
510 903 572 959 δὲ
596 903 970 969 συσταλέντες,
1000 895 1072 963 ῶς
1096 894 1455 966 θανούμενοι,

327 996 455 1091 σιγῇ
480 983 793 1088 καθήμεθ’·
824 984 851 1040 ὃ
880 984 939 1039 δε
963 984 1084 1054 χερὶ
1110 999 1319 1044 σπασας
1344 981 1517 1049 ξίφος,

328 1075 564 1146 μόσχους
590 1069 825 1144 ὀρούσας
852 1074 928 1133 είς
952 1071 1119 1139 μέσας
1143 1069 1285 1122 λέων
1311 1061 1475 1132 ὅπως,

328 1165 478 1215 παίει
503 1156 710 1230 σιδήρῳ
736 1153 971 1225 λαγόνας
998 1158 1074 1217 είς
1101 1148 1342 1223 πλευρας
1370 1152 1486 1217 ἱείς,

332 1249 516 1299 δοκῶν
536 1240 751 1312 Ἐρινῦς
774 1237 911 1302 θεὰς
937 1235 1250 1308 ἀμύνεσθαι
1277 1233 1424 1303 τάδε,

334 1326 405 1392 ῶς
431 1323 734 1398 αἱματηρὸν
765 1326 998 1393 πέλαγος
1024 1324 1280 1387 ἐξανθεῖν
1304 1315 1447 1382 ἁλός.

331 1411 436 1469 κάν
461 1416 602 1487 τῷδε
629 1416 733 1474 πᾶς
756 1431 863 1478 τις,
893 1405 963 1471 ῶς
991 1404 1094 1479 ὁρᾷ
1120 1403 1437 1477 βουφόρβια

331 1503 600 1553 πίπτοντα
624 1495 716 1550 καὶ
742 1487 1108 1563 πορθούμεν’,
1136 1493 1470 1556 ἐξωπλίζετο,

331 1581 562 1652 κόχλους
587 1602 644 1634 τε
669 1583 867 1650 φυσῶν
893 1578 1177 1645 συλλέγων
1202 1571 1250 1628 τ’
1280 1575 1604 1643 ἐγχωρίους·

333 1665 469 1739 πρὸς
497 1662 791 1735 εὐτραφεῖς
815 1659 919 1733 γὰρ
947 1663 1037 1715 καὶ
1062 1665 1284 1721 νεανίας
1310 1659 1500 1723 ξένους

333 1750 585 1824 φαύλους
610 1747 883 1820 μάχεσθαι
909 1743 1216 1816 βουκόλους
1238 1740 1543 1814 ἡγούμεθα.

335 1836 529 1892 πολλοὶ
554 1831 606 1889 δ’
637 1831 1038 1903 ἐπληρώθημεν
1074 1829 1140 1881 οὐ
1178 1830 1370 1896 μακρῷ
1409 1825 1607 1893 χρόνῳ.

335 1928 521 1977 πίπτει
547 1919 607 1974 δὲ
633 1923 830 1990 μανίας
855 1921 1086 1970 πίτυλον
1111 1910 1139 1970 ὁ
1165 1915 1314 1979 ξένος
1339 1915 1548 1981 μεθείς,

338 2005 546 2073 στάζων
572 2001 733 2077 ἀφρῷ
760 2004 1002 2073 γένειον·
1033 1996 1104 2062 ῶς
1132 1995 1184 2053 δ’
1215 2000 1499 2066 ἐσείδομεν

339 2087 626 2162 προῦργου
652 2086 929 2184 πεσόντα,
944 2090 1047 2149 πᾶς
1073 2080 1212 2156 ἀνὴρ
1240 2086 1396 2152 ἔσχεν
1420 2078 1593 2135 πόνον

337 2175 559 2247 βαλλων
584 2170 866 2245 αρασσων·
895 2192 1085 2242 ατερος
1112 2167 1173 2223 δε
1197 2178 1314 2222 τοῖν
1341 2167 1520 2232 ξένοιν

341 2258 526 2334 ἄφρόν
548 2255 596 2314 τ’
628 2255 810 2327 απέψη
838 2254 1085 2326 σώματός
1109 2250 1158 2308 τ’
1175 2253 1458 2354 ἐτημέλει

343 2347 567 2400 πέπλων
591 2365 649 2398 τε
674 2339 1102 2415 προυκαλυπτεν
1128 2334 1404 2406 εὐπήνους
1428 2356 1595 2404 υφας,

339 2434 668 2502 καραδοκῶν
693 2449 793 2499 μεν
817 2423 1081 2480 ταπιόντα
1105 2420 1405 2496 τραύματα,

342 2521 508 2586 φίλον
534 2513 595 2569 δὲ
620 2516 1010 2583 θεραπείαισιν
1036 2504 1197 2581 ἄνδρ’
1229 2502 1553 2577 εὐεργετῶν.

342 2605 570 2672 ἔμφρων
597 2602 629 2653 δ
636 2595 648 2616 '
682 2594 881 2671 ἀνᾴξας
907 2591 933 2650 ὁ
962 2595 1113 2661 ξένος
1136 2590 1441 2662 πεσήματος

345 2688 486 2753 ἔγνω
512 2682 774 2739 κλύδωνα
798 2685 1078 2750 πολεμίων
1102 2680 1504 2749 προσκείμενον

346 2768 439 2821 καὶ
456 2766 558 2837 τὴν
582 2772 870 2839 παροῦσαν
894 2760 1189 2834 συμφορὰν
1214 2756 1407 2815 αὐτοῖν
1431 2757 1614 2823 πέλας,

345 2847 536 2926 ᾤμωξέ
554 2848 617 2906 θ’
635 2869 647 2880 “
684 2847 838 2921 ἡμεῖς
862 2845 915 2905 δ’
943 2844 1045 2904 οὐκ
1071 2843 1296 2915 ἀνίεμεν
1320 2844 1550 2913 πέτρους

1713 72 1772 123 71

1704 477 1788 522 290

1711 903 1791 947 ‘295

1712 1328 1797 1370 300

1716 1749 1798 1792 305

1721 2175 1803 2219 310

1721 2595 1805 2640 315
