2018 3117
262 97 361 150 430

263 418 373 466 XO.

262 587 365 636 KP.

256 1857 379 1907 ME.

254 1936 359 1985 KP.

872 98 1254 146 ΦΟῙΝῙΣΣΑΙ

450 238 635 297 ἀδικεῖ
655 237 720 295 τὰ
746 245 858 295 τῶν
883 245 1053 295 θεῶν.
1081 244 1290 311 Φοῖβον
1317 234 1641 310 ἀνθρώποις
1664 241 1838 314 μόνον

447 333 585 398 χρῆν
608 328 974 399 θεσπιωδεῖν,
1001 320 1060 390 ὂς
1085 323 1339 379 δέδοικεν
1361 322 1582 381 ουδέ.να

444 412 655 481 Κρέον,
683 416 741 465 τί
765 414 921 483 σιγᾷς
945 414 1126 481 γῆρυν
1149 405 1445 480 ἄφθογγον
1469 409 1695 481 σχάσας·
1683 454 1696 476 ,
1838 425 1922 470 960

449 492 614 566 κάμοὶ
641 493 745 567 γὰρ
772 491 940 550 οὐδὲν
966 484 1138 566 ἧσσον
1164 497 1453 565 ἔκπληξις
1439 495 1603 567 πάρα.

442 585 499 635 τί
523 577 576 636 δ’
606 577 678 636 ἄν
702 603 781 644 τις
808 587 980 647 εἴςποι
1008 583 1177 650 δῆλον
1203 577 1337 650 οἵγ’
1369 581 1489 652 ἐμοὶ
1513 580 1683 651 λόγοι.

446 664 551 736 ἐγώ
579 664 684 737 γὰρ
710 662 906 720 οὔποτ’
939 670 1015 730 εἰς
1038 662 1152 720 τόδ’
1185 664 1294 736 εἶμι
1322 671 1629 738 συμφορᾶς,

449 747 587 806 ὥστε
611 752 894 823 σφαγέντα
924 754 1092 806 παῖδα
1118 758 1449 822 προσθεῖναι
1476 751 1648 807 πόλει.

445 842 613 891 πᾶσιν
640 834 744 907 γὰρ
770 832 1119 908 ἀνθρώποισι
1144 834 1467 908 φιλότεκνος
1490 842 1626 907 βίος,
1839 848 1922 895 965

447 918 572 976 οὐδ’
607 917 676 977 ἄν
700 921 796 976 τὸν
821 918 994 976 αὑτοῦ
1022 921 1192 976 παῖδά
1217 944 1296 986 τις
1327 926 1451 992 δοίη
1478 935 1717 977 κτανεῖν.

445 1006 518 1078 μή
542 1003 597 1078 μ’
630 1003 926 1078 εὐλογείτω
951 1003 1093 1077 τάμά
1117 1030 1197 1071 τις
1221 1012 1457 1062 κτείνων
1485 1008 1665 1063 τέκνα.

446 1088 612 1156 αὐτὸς
639 1089 714 1161 δ’,
748 1095 808 1146 έν
839 1088 1023 1165 ὡραίῳ
1049 1090 1153 1163 γὰρ
1182 1095 1411 1162 ἕσταμεν
1438 1098 1587 1163 βίου,
1630 1134 1635 1137 ,

445 1177 718 1248 θνήσκειν
743 1178 957 1249 ἕτοιμος
982 1181 1244 1249 πατρίδος
1272 1176 1613 1249 ἐκλυτήριον.

443 1259 562 1317 ἀλλ’
593 1261 704 1331 εἷα,
731 1264 955 1332 τέκνον,
985 1263 1117 1333 πρὶν
1141 1271 1347 1334 μαθεῖν
1371 1267 1552 1317 πᾶσαν
1577 1262 1757 1335 πόλιν,
1839 1277 1921 1322 970

443 1344 700 1403 ἀκόλαστ’
729 1346 890 1412 ἐάσας
913 1346 1165 1418 μάντεων
1183 1353 1548 1419 θεσπίσματα,

444 1430 611 1504 φεῦγ’
642 1430 713 1497 ὡς
738 1431 959 1503 τάχιστα
983 1429 1137 1503 τῆσδ’
1168 1429 1540 1504 ἀπαλλαχθεὶς
1562 1433 1792 1504 χθονός·

443 1520 582 1585 λέξει
607 1517 712 1590 γὰρ
740 1514 930 1588 ἀρχαῖς
955 1519 1048 1573 καὶ
1072 1518 1463 1590 στρατηλάταις
1487 1518 1634 1591 τάδε,

445 1603 622 1668 πύλας
647 1600 737 1674 ἐφ’
774 1605 907 1658 ἑπτα
932 1605 1025 1658 καὶ
1049 1605 1344 1675 λοχαγέτας
1367 1603 1552 1675 μολών
1568 1623 1578 1633 ·

443 1684 548 1744 κᾶν
572 1688 673 1759 μὲν
698 1688 1030 1760 φθάσωμεν,
1060 1695 1172 1745 ἔστι
1196 1708 1283 1745 σοι
1308 1695 1550 1760 σωτηρία
1568 1708 1578 1718 ·
1835 1703 1920 1749 975

444 1769 511 1845 ἢν
539 1772 590 1829 δ’
626 1770 959 1847 ὑστερήσῃς,
990 1774 1319 1845 οἰχόμεσθα,
1345 1783 1631 1830 κατθανεῖ.

439 1863 536 1906 ποῖ
552 1855 687 1920 δῆτα
708 1851 925 1920 φεύγω;
965 1855 1087 1904 τίνα
1108 1850 1269 1905 πόλιν
1288 1875 1301 1916 ;
1340 1856 1461 1905 τίνα
1484 1851 1684 1916 ξένων;

435 1930 576 1986 ὅπου
604 1931 808 2000 χθονὸς
829 1929 985 2001 τῆσδ’
1014 1931 1262 1986 ἐκποδών
1285 1929 1497 2002 μάλιστ’
1523 1935 1648 1985 ἔσει.

253 2019 381 2067 ΜΕ.
437 2016 649 2068 οὔκουν
671 2014 730 2068 σὲ
753 2013 981 2084 φράζειν
1010 2015 1180 2085 εἰκός,
1226 2017 1478 2068 ἐκπονεῖν
1500 2011 1550 2067 δ’
1575 2014 1689 2083 ἐμέ;

251 2099 359 2149 ΚΡ.

251 2181 301 2231 Κ
302 2183 358 2232 Ρ.

251 2266 359 2315 ΚΡ.

250 2347 358 2395 ΚΡ.

250 2428 357 2476 ΚΡ.

254 2510 358 2559 KP.

250 2590 374 2640 ME.

439 2093 700 2164 Δελφοὺς
723 2095 962 2164 περάσας
989 2101 1163 2164 φεῦγε
1200 2102 1328 2150 ΜΕ.
1352 2106 1450 2150 ποῖ
1470 2117 1535 2165 με
1560 2094 1678 2164 χρή,
1702 2092 1899 2160 πάτερ;

432 2176 693 2232 Αἰτωλίδ’
719 2183 792 2242 εἰς
815 2185 935 2248 γῆν.
975 2185 1104 2234 ΜΕ.
1133 2183 1190 2233 ἐκ
1210 2181 1269 2233 δὲ
1290 2183 1455 2249 τῆσδε
1477 2189 1574 2232 ποῖ
1588 2181 1765 2246 περῶ;
1817 2187 1900 2232 981

437 2260 774 2330 Θεσπρωτὸν
794 2254 978 2323 οὖδας.
1025 2266 1153 2314 ΜΕ.
1187 2259 1359 2329 σεμνὰ
1378 2258 1662 2327 Δωδώνης
1687 2256 1899 2328 βάθρα;

435 2343 623 2409 ἔγνως.
668 2347 789 2395 ΜΕ.
811 2345 866 2394 τί
882 2341 948 2410 δὴ
970 2338 1088 2395 τόδ’
1113 2342 1287 2410 ἔρυμά
1308 2363 1400 2411 μοι
1422 2341 1744 2410 γενήσεται;

433 2423 711 2491 πόμπιμος
733 2420 760 2475 ὁ
789 2425 1015 2492 δαίμων.
1055 2429 1182 2477 ΜΕ.
1207 2423 1501 2493 χρημάτων
1524 2424 1583 2477 δὲ
1604 2428 1680 2486 τίς
1700 2420 1896 2490 πόρος;

435 2502 538 2572 ἐγώ
568 2504 822 2571 πορεύσω
843 2504 1069 2573 χρυσόν.

1138 2608 1199 2640 ευ
1222 2590 1423 2656 λέγεις,
1446 2584 1633 2656 πάτερ.
1813 2595 1896 2641 985

438 2665 600 2734 χώρει
620 2687 757 2719 νυν·
798 2689 870 2730 ως
891 2666 994 2737 σὴν
1020 2667 1158 2735 πρὸς
1178 2668 1515 2738 κασιγνήτην
1535 2665 1741 2737 μολών,

438 2749 502 2815 ῆς
521 2752 709 2815 πρῶτα
728 2746 937 2817 μαστὸν
958 2747 1158 2802 sl'stxvo‘
1164 2747 1469 2819 ,Ἰοκάστην
1489 2751 1644 2817 λέγω,

439 2827 642 2899 μητρὸς
668 2831 953 2898 στερηθεις
976 2829 1224 2900 ὀρφανός
1253 2830 1301 2886 τ’
1333 2830 1643 2901 ἀποζυγείς,
