2018 3117
254 131 323 186 36
617 131 993 178 ΙΦΙΓΕΝΕΙΑ
1025 130 1083 174 Η
1114 130 1211 175 ΕΝ
1243 129 1502 175 ΑΥΛΙΔΙ

451 275 510 328 ἐν
536 268 769 343 εὐμαρεῖ
788 292 844 324 τε
870 273 1011 339 δρᾶν
1035 291 1092 324 τε
1117 269 1208 323 καὶ
1233 265 1305 338 μὴ
1333 272 1473 339 δρᾶν
1497 274 1692 333 καλῶς.

453 351 568 428 τάχ’
601 363 801 411 εἴσεται
827 358 1077 424 σίδηρος,
1105 349 1171 408 ὃν
1196 353 1329 424 πρὶν
1358 357 1434 417 εἰς
1462 353 1687 425 Φρύγας

450 444 665 510 ἐλθεῖν,
694 437 875 511 φόνου
903 445 1120 509 κηλῖσιν
1145 442 1368 508 αἵματος
1391 444 1594 509 χρανῶ,

451 534 503 582 εἴ
523 531 603 590 τίς
626 547 692 595 με
715 523 815 595 τὴν
842 521 946 594 σὴν
969 519 1240 628 θυγατέρ’
1268 522 1623 595 ἐξαιρήσεται.

451 606 571 665 ἄλλ
598 606 855 681 ἡσύχαζε
882 606 1014 672 θεὸς
1039 606 1143 679 ἐγώ
1171 606 1392 678 πέφηνά
1416 625 1500 662 σοι

450 697 727 766 μέγιστος,
773 690 876 749 οὐκ
903 690 1004 748 ῶν·
1032 689 1159 748 ἀλλ’
1187 689 1333 762 ὅμως
1358 691 1672 764 γενήσομαι

261 787 380 838 XO.
450 782 659 849 ἐλεξας,
690 780 732 834 ῶ
762 791 863 834 παῖ
881 780 1136 849 Πηλέως,
1165 782 1268 832 σοῦ
1293 774 1342 832 τ’
1373 774 1494 844 αξια

449 867 541 921 καὶ
565 870 657 935 τῆς
683 866 901 928 ἐναλίας
926 867 1207 934 δαίμονος,
1233 867 1435 933 σεμνῆς
1459 868 1618 917 θεοῦ.

259 957 379 1008 ΚΛ.
446 956 556 1023 φεῦ
572 968 582 978 ·

453 1040 567 1100 πῶς
591 1031 659 1090 ἄν
683 1031 733 1088 σ’
763 1034 1105 1103 ἐπαινέσαιμι
1131 1030 1202 1103 μὴ
1228 1037 1355 1087 λίαν
1378 1031 1578 1103 λόγοις,

453 1117 582 1191 μηδ’
612 1121 814 1183 ἐνδεῶς
840 1115 996 1173 τοῦδ’
1026 1115 1351 1187 ἀπολέσαιμι
1376 1115 1475 1187 τὴν
1497 1116 1690 1187 χάριν;

452 1204 772 1275 αἰνούμενοι
796 1201 899 1274 γὰρ
926 1199 1129 1273 ἁγαθοὶ
1153 1200 1357 1271 τρόπον
1371 1199 1494 1256 τινὰ

451 1294 674 1361 μισοῦσι
699 1287 826 1352 τούς
851 1293 1160 1356 αἰνοῦντας,
1187 1282 1257 1358 ἦν
1281 1283 1474 1341 αἰνῶσ’
1504 1282 1661 1358 ἄγαν.

454 1373 779 1444 αἰσχύνομαι
805 1372 865 1427 δε
889 1368 1269 1443 παραφέρουσ’
1300 1369 1555 1442 οἰκτροὺς
1578 1371 1796 1442 λόγους,

455 1463 569 1513 ἰδία
592 1462 858 1513 νοσοῦσα
885 1455 955 1512 σύ
982 1454 1033 1512 δ’
1063 1474 1262 1520 ανοσος
1287 1461 1473 1511 κακῶν
1501 1452 1552 1527 γ’
1583 1459 1745 1527 εμῶν

454 1539 574 1598 ἀλλ’
605 1533 707 1598 οὐν
734 1547 841 1612 ἔχει
866 1564 949 1597 τοι
973 1548 1176 1613 σχῆμα,
1204 1536 1309 1595 κᾶν
1328 1538 1558 1596 ἂπωθεν
1582 1542 1616 1614 ᾑ

453 1627 591 1699 ἀνὴρ
617 1624 644 1682 ὁ
667 1625 922 1697 χρηστός,
949 1631 1358 1696 δυστυχοῦντας
1383 1621 1638 1696 ὠφελεῖν.

454 1720 686 1783 οἴκτειρε
712 1708 762 1765 δ’
792 1707 954 1782 ἡμᾶς·
992 1709 1180 1781 οἰκτρὰ
1204 1709 1307 1782 γὰρ
1334 1710 1711 1782 πεπόνθαμεν.

451 1792 486 1867 ἣ
510 1802 697 1869 πρῶτα
721 1797 823 1866 μέν
847 1814 907 1850 σε
930 1794 1180 1867 γαμβρὸν
1205 1792 1440 1866 οίηθεῖσ’
1470 1801 1629 1866 ἔχειν,

453 1879 621 1951 κενὴν
646 1882 908 1951 κατέσχον
933 1877 1112 1936 ἐλπίδ’
1133 1899 1144 1909 ·
1175 1879 1288 1935 εἶτά
1314 1897 1399 1935 σοι
1424 1880 1557 1981 τάχα

453 1988 604 2037 ορνις
628 1962 829 2037 γένοιτ’
861 1989 929 2020 αν
953 1978 1091 2021 τοῖσι
1115 1966 1410 2037 μέλλουσιν
1434 1965 1626 2037 γάμοις

454 2046 693 2105 θανοῦσ’
722 2048 820 2121 ἐμὴ
847 2063 997 2121 παῖς,
1026 2073 1054 2106 ο
1081 2069 1141 2106 σε
1166 2046 1522 2122 φυλάξασθαι
1547 2049 1742 2122 χρεῶν.

453 2130 575 2190 ἀλλ’
610 2127 673 2190 εὖ
696 2158 797 2205 μεν
822 2132 989 2206 ἀρχὰς
1016 2132 1185 2205 εἶπας,
1216 2136 1278 2190 εὐ
1305 2135 1365 2190 δε
1390 2136 1481 2190 καὶ
1504 2136 1657 2206 τέλη·

451 2225 553 2275 σοῦ
577 2243 680 2292 γαρ
705 2222 968 2285 θέλοντος
993 2233 1118 2285 παῖς
1144 2218 1241 2291 ἐμὴ
1268 2220 1596 2291 σωθήσεται.

453 2304 641 2375 βούλει
664 2328 754 2360 νιν
780 2307 949 2361 ἱκέτιν
973 2304 1073 2361 σὸν
1096 2304 1417 2377 περιπτύξαι
1442 2304 1611 2376 γόνυ;

455 2385 841 2460 ἀπαρθένευτα
863 2390 964 2461 μὲν
989 2386 1110 2446 τάδ’
1130 2408 1141 2418 ·
1171 2395 1222 2445 εἰ
1243 2391 1307 2444 δέ
1327 2407 1413 2445 σοι
1440 2394 1609 2459 δοκεῖ,

453 2470 593 2544 ἥξει,
621 2470 694 2529 δι’
724 2480 915 2540 αἰδοῦς
943 2471 1071 2546 ὄμμ’
1100 2471 1282 2545 ἔχουσ’
1323 2474 1647 2544 ἐλεύθερον·

455 2564 506 2614 εί
525 2556 578 2614 δ’
608 2556 675 2613 ού
699 2559 980 2631 παρούσης
995 2557 1166 2614 ταύτὰ
1189 2559 1445 2630 τεύξομαι
1469 2561 1655 2628 σέθεν,

451 2644 656 2713 μενέτω
682 2641 802 2699 κατ’
831 2653 1041 2709 οἴκους·
1069 2643 1240 2715 σεμνὰ
1264 2642 1368 2715 γὰρ
1394 2641 1739 2715 σεμνύνεται.

451 2724 595 2799 ὅμως
620 2724 671 2782 δ’
700 2724 832 2784 ὅσον
856 2751 918 2799 γε
943 2727 1184 2784 δυνατὸν
1207 2734 1485 2784 αἰδεῖσθαι
1507 2726 1702 2799 χρεῶν.

260 2819 376 2868 ΑΧ.
444 2811 515 2868 σὺ
540 2810 673 2884 μήτε
696 2810 800 2883 σὴν
824 2810 977 2869 παῖδ’
1007 2811 1153 2884 ἔξαγ’
1186 2811 1318 2879 ὄψιν
1343 2818 1418 2878 εἰς
1442 2812 1592 2884 ἐμήν,

447 2893 573 2969 μήτ’
605 2902 681 2962 εἰς
706 2894 918 2963 ὄνειδος
944 2894 1152 2970 ἀμαθὲς
1179 2904 1458 2971 ἔλθωμεν,
1485 2898 1676 2971 γύναι·

1831 365 1917 409 970

1831 790 1915 836 975

1832 1295 1918 1338 980

1835 1726 1918 1770 985

1830 2149 1915 2192 990

1828 2570 1913 2616 995
