<?xml version="1.0" encoding="UTF-8"?>
<!DOCTYPE html PUBLIC "-//W3C//DTD XHTML 1.0 Transitional//EN"
    "http://www.w3.org/TR/xhtml1/DTD/xhtml1-transitional.dtd">
<html xmlns="http://www.w3.org/1999/xhtml" xml:lang="en" lang="en">
 <head>
  <title>
</title>
<meta http-equiv="Content-Type" content="text/html;charset=utf-8" />
  <meta name='ocr-system' content='tesseract 3.04.00' />
  <meta name='ocr-capabilities' content='ocr_page ocr_carea ocr_par ocr_line ocrx_word'/>
</head>
<body>
  <div class='ocr_page' id='page_1' title='image "./euripidistragoe02euriuoft_0396.png"; bbox 0 0 2018 3117; ppageno 0'>
   <div class='ocr_carea' id='block_1_1' title="bbox 637 657 1483 878">
    <p class='ocr_par' dir='ltr' id='par_1_1' title="bbox 637 657 1483 878">
     <span class='ocr_line' id='line_1_1' title="bbox 795 657 1316 713; baseline 0 -1"><span class='ocrx_word' id='word_1_1' title='bbox 795 657 1316 713; x_wconf 70' lang='grc' dir='ltr'><em>ΕΥΡΙΠΙΔΟΥ</em></span> 
     </span>
     <span class='ocr_line' id='line_1_2' title="bbox 637 806 1483 878; baseline 0.002 -3"><span class='ocrx_word' id='word_1_2' title='bbox 637 809 708 875; x_wconf 89' lang='grc' dir='ltr'><strong><em>Τ</em></strong></span> <span class='ocrx_word' id='word_1_3' title='bbox 746 810 815 876; x_wconf 90' lang='grc' dir='ltr'><em>Ρ</em></span> <span class='ocrx_word' id='word_1_4' title='bbox 855 806 920 877; x_wconf 77' lang='grc' dir='ltr'><em>Ω</em></span> <span class='ocrx_word' id='word_1_5' title='bbox 967 812 1016 876; x_wconf 92' lang='grc' dir='ltr'><em>Ι</em></span> <span class='ocrx_word' id='word_1_6' title='bbox 1056 810 1132 877; x_wconf 85' lang='lat' dir='ltr'><em>A</em></span> <span class='ocrx_word' id='word_1_7' title='bbox 1180 807 1242 876; x_wconf 86' lang='lat' dir='ltr'><em>A</em></span> <span class='ocrx_word' id='word_1_8' title='bbox 1291 811 1360 875; x_wconf 91' lang='grc' dir='ltr'><em>Ε</em></span> <span class='ocrx_word' id='word_1_9' title='bbox 1403 809 1483 878; x_wconf 85' lang='grc' dir='ltr'><em>Σ.</em></span> 
     </span>
    </p>
   </div>
   <div class='ocr_carea' id='block_1_2' title="bbox 232 1087 1880 2939">
    <p class='ocr_par' dir='ltr' id='par_1_2' title="bbox 232 1087 1880 2939">
     <span class='ocr_line' id='line_1_3' title="bbox 232 1087 1493 1162; baseline -0.001 -15"><span class='ocrx_word' id='word_1_10' title='bbox 232 1097 348 1147; x_wconf 90' lang='grc' dir='ltr'><em>ΠΟ.</em></span> <span class='ocrx_word' id='word_1_11' title='bbox 404 1087 555 1146; x_wconf 71' lang='grc' dir='ltr'><em>ΡἨκω</em></span> <span class='ocrx_word' id='word_1_12' title='bbox 582 1089 760 1146; x_wconf 83' lang='grc' dir='ltr'><em>λιπῶν</em></span> <span class='ocrx_word' id='word_1_13' title='bbox 784 1099 1020 1162; x_wconf 75' lang='grc' dir='ltr'><em>Αἴγαιον</em></span> <span class='ocrx_word' id='word_1_14' title='bbox 1045 1087 1294 1161; x_wconf 78' lang='grc' dir='ltr'><em>ἁλμυρὸν</em></span> <span class='ocrx_word' id='word_1_15' title='bbox 1318 1090 1493 1162; x_wconf 86' lang='grc' dir='ltr'><em>βάθος</em></span> 
     </span>
     <span class='ocr_line' id='line_1_4' title="bbox 419 1175 1617 1248; baseline -0.002 -16"><span class='ocrx_word' id='word_1_16' title='bbox 419 1175 626 1232; x_wconf 60' lang='grc' dir='ltr'><em>πόντον·</em></span> <span class='ocrx_word' id='word_1_17' title='bbox 648 1179 963 1245; x_wconf 80' lang='grc' dir='ltr'><em>Ποσειδῶν,</em></span> <span class='ocrx_word' id='word_1_18' title='bbox 998 1179 1137 1230; x_wconf 80' lang='grc' dir='ltr'><em>ἔνθα</em></span> <span class='ocrx_word' id='word_1_19' title='bbox 1159 1175 1443 1248; x_wconf 81' lang='grc' dir='ltr'><em>Νηρῄδων</em></span> <span class='ocrx_word' id='word_1_20' title='bbox 1465 1175 1617 1247; x_wconf 76' lang='grc' dir='ltr'><em>χοροὶ</em></span> 
     </span>
     <span class='ocr_line' id='line_1_5' title="bbox 418 1259 1481 1330; baseline -0.002 -15"><span class='ocrx_word' id='word_1_21' title='bbox 418 1260 709 1316; x_wconf 83' lang='grc' dir='ltr'><em>κάλλιστον</em></span> <span class='ocrx_word' id='word_1_22' title='bbox 734 1267 879 1330; x_wconf 79' lang='grc' dir='ltr'><em>ἴχνος</em></span> <span class='ocrx_word' id='word_1_23' title='bbox 904 1260 1276 1326; x_wconf 79' lang='grc' dir='ltr'><em>ἐξελίσσουσιν</em></span> <span class='ocrx_word' id='word_1_24' title='bbox 1301 1259 1481 1325; x_wconf 87' lang='grc' dir='ltr'><em>ποδός.</em></span> 
     </span>
     <span class='ocr_line' id='line_1_6' title="bbox 420 1337 1553 1416; baseline -0.002 -16"><span class='ocrx_word' id='word_1_25' title='bbox 420 1347 471 1411; x_wconf 81' lang='grc' dir='ltr'><em>ἐξ</em></span> <span class='ocrx_word' id='word_1_26' title='bbox 504 1337 571 1399; x_wconf 78' lang='grc' dir='ltr'><em>οὗ</em></span> <span class='ocrx_word' id='word_1_27' title='bbox 597 1343 698 1416; x_wconf 82' lang='grc' dir='ltr'><em>γὰρ</em></span> <span class='ocrx_word' id='word_1_28' title='bbox 731 1341 873 1416; x_wconf 78' lang='grc' dir='ltr'><em>ἀμφὶ</em></span> <span class='ocrx_word' id='word_1_29' title='bbox 898 1349 1063 1416; x_wconf 89' lang='grc' dir='ltr'><em>τήνδε</em></span> <span class='ocrx_word' id='word_1_30' title='bbox 1095 1343 1348 1416; x_wconf 88' lang='grc' dir='ltr'><em>Τρωικὴν</em></span> <span class='ocrx_word' id='word_1_31' title='bbox 1374 1345 1553 1416; x_wconf 89' lang='grc' dir='ltr'><em>χθόνα</em></span> 
     </span>
     <span class='ocr_line' id='line_1_7' title="bbox 417 1426 1879 1502; baseline -0.001 -17"><span class='ocrx_word' id='word_1_32' title='bbox 417 1428 620 1501; x_wconf 79' lang='grc' dir='ltr'><em>Φοῖβός</em></span> <span class='ocrx_word' id='word_1_33' title='bbox 643 1451 701 1484; x_wconf 92' lang='grc' dir='ltr'><em>τε</em></span> <span class='ocrx_word' id='word_1_34' title='bbox 726 1426 876 1500; x_wconf 79' lang='grc' dir='ltr'><em>κάγῶ</em></span> <span class='ocrx_word' id='word_1_35' title='bbox 901 1433 1126 1494; x_wconf 77' lang='grc' dir='ltr'><em>λαΐνους</em></span> <span class='ocrx_word' id='word_1_36' title='bbox 1149 1428 1397 1500; x_wconf 75' lang='grc' dir='ltr'><em>πύργους</em></span> <span class='ocrx_word' id='word_1_37' title='bbox 1421 1430 1573 1502; x_wconf 80' lang='grc' dir='ltr'><em>πέριξ</em></span> <span class='ocrx_word' id='word_1_38' title='bbox 1853 1440 1879 1484; x_wconf 84' lang='grc'>5</span> 
     </span>
     <span class='ocr_line' id='line_1_8' title="bbox 420 1511 1743 1585; baseline -0.001 -16"><span class='ocrx_word' id='word_1_39' title='bbox 420 1511 676 1585; x_wconf 78' lang='grc' dir='ltr'><em>ὀρθοῖσιν</em></span> <span class='ocrx_word' id='word_1_40' title='bbox 700 1519 900 1584; x_wconf 84' lang='grc' dir='ltr'><em>ἔθεμεν</em></span> <span class='ocrx_word' id='word_1_41' title='bbox 924 1513 1179 1583; x_wconf 79' lang='grc' dir='ltr'><em>κανόσιν,</em></span> <span class='ocrx_word' id='word_1_42' title='bbox 1208 1511 1398 1570; x_wconf 76' lang='grc' dir='ltr'><em>οὔποτ’</em></span> <span class='ocrx_word' id='word_1_43' title='bbox 1427 1517 1486 1570; x_wconf 83' lang='grc' dir='ltr'><em>ἐκ</em></span> <span class='ocrx_word' id='word_1_44' title='bbox 1518 1518 1743 1584; x_wconf 82' lang='grc' dir='ltr'><em>φρενῶν</em></span> 
     </span>
     <span class='ocr_line' id='line_1_9' title="bbox 421 1595 1616 1671; baseline -0.001 -17"><span class='ocrx_word' id='word_1_45' title='bbox 421 1595 597 1654; x_wconf 81' lang='grc' dir='ltr'><em>εὔνοι’</em></span> <span class='ocrx_word' id='word_1_46' title='bbox 633 1595 835 1670; x_wconf 71' lang='grc' dir='ltr'><em>ἀπέστη</em></span> <span class='ocrx_word' id='word_1_47' title='bbox 867 1604 977 1653; x_wconf 90' lang='grc' dir='ltr'><em>τῶν</em></span> <span class='ocrx_word' id='word_1_48' title='bbox 1004 1601 1150 1669; x_wconf 84' lang='grc' dir='ltr'><em>ἐμῶν</em></span> <span class='ocrx_word' id='word_1_49' title='bbox 1175 1604 1419 1671; x_wconf 90' lang='grc' dir='ltr'><em>Φρυγῶν</em></span> <span class='ocrx_word' id='word_1_50' title='bbox 1443 1598 1616 1668; x_wconf 82' lang='grc' dir='ltr'><em>πόλει,</em></span> 
     </span>
     <span class='ocr_line' id='line_1_10' title="bbox 416 1679 1644 1755; baseline -0.001 -16"><span class='ocrx_word' id='word_1_51' title='bbox 416 1681 451 1755; x_wconf 80' lang='grc' dir='ltr'><em>ἣ</em></span> <span class='ocrx_word' id='word_1_52' title='bbox 475 1689 584 1739; x_wconf 87' lang='grc' dir='ltr'><em>νῦν</em></span> <span class='ocrx_word' id='word_1_53' title='bbox 606 1689 912 1739; x_wconf 81' lang='grc' dir='ltr'><em>καπνοῦται</em></span> <span class='ocrx_word' id='word_1_54' title='bbox 935 1685 1027 1738; x_wconf 83' lang='grc' dir='ltr'><em>καὶ</em></span> <span class='ocrx_word' id='word_1_55' title='bbox 1051 1681 1186 1753; x_wconf 83' lang='grc' dir='ltr'><em>πρὸς</em></span> <span class='ocrx_word' id='word_1_56' title='bbox 1207 1680 1457 1755; x_wconf 76' lang='grc' dir='ltr'><em>Ἀργείου</em></span> <span class='ocrx_word' id='word_1_57' title='bbox 1483 1679 1644 1755; x_wconf 83' lang='grc' dir='ltr'><em>δορὸς</em></span> 
     </span>
     <span class='ocr_line' id='line_1_11' title="bbox 419 1765 1504 1840; baseline -0.001 -16"><span class='ocrx_word' id='word_1_58' title='bbox 419 1766 593 1824; x_wconf 76' lang='grc' dir='ltr'><em>ὄλωλε</em></span> <span class='ocrx_word' id='word_1_59' title='bbox 623 1765 980 1840; x_wconf 79' lang='grc' dir='ltr'><em>πορθηθεϊσ’.</em></span> <span class='ocrx_word' id='word_1_60' title='bbox 1008 1765 1035 1823; x_wconf 81' lang='grc' dir='ltr'>ὁ</span> <span class='ocrx_word' id='word_1_61' title='bbox 1061 1766 1164 1840; x_wconf 84' lang='grc' dir='ltr'><em>γὰρ</em></span> <span class='ocrx_word' id='word_1_62' title='bbox 1189 1767 1504 1840; x_wconf 79' lang='grc' dir='ltr'><em>Παρνάσιος</em></span> 
     </span>
     <span class='ocr_line' id='line_1_12' title="bbox 417 1850 1880 1924; baseline -0.001 -16"><span class='ocrx_word' id='word_1_63' title='bbox 417 1852 647 1918; x_wconf 79' lang='grc' dir='ltr'><em>Φωκεὺς</em></span> <span class='ocrx_word' id='word_1_64' title='bbox 668 1850 875 1918; x_wconf 84' lang='grc' dir='ltr'><em>Ἐπειὸς</em></span> <span class='ocrx_word' id='word_1_65' title='bbox 899 1865 1192 1924; x_wconf 82' lang='grc' dir='ltr'><em>μηχαναῖσι</em></span> <span class='ocrx_word' id='word_1_66' title='bbox 1218 1852 1505 1917; x_wconf 76' lang='grc' dir='ltr'><em>Παλλάδος</em></span> <span class='ocrx_word' id='word_1_67' title='bbox 1825 1865 1880 1907; x_wconf 88' lang='grc'><em>10</em></span> 
     </span>
     <span class='ocr_line' id='line_1_13' title="bbox 418 1935 1521 2010; baseline 0 -17"><span class='ocrx_word' id='word_1_68' title='bbox 418 1935 676 2009; x_wconf 75' lang='grc' dir='ltr'><em>ἐγκύμον’</em></span> <span class='ocrx_word' id='word_1_69' title='bbox 706 1942 874 1994; x_wconf 82' lang='grc' dir='ltr'><em>ἵππον</em></span> <span class='ocrx_word' id='word_1_70' title='bbox 903 1940 1142 2009; x_wconf 84' lang='grc' dir='ltr'><em>τευχέων</em></span> <span class='ocrx_word' id='word_1_71' title='bbox 1172 1936 1521 2010; x_wconf 89' lang='grc' dir='ltr'><em>συναρμόσας</em></span> 
     </span>
     <span class='ocr_line' id='line_1_14' title="bbox 417 2020 1626 2095; baseline 0 -19"><span class='ocrx_word' id='word_1_72' title='bbox 417 2022 647 2092; x_wconf 89' lang='grc' dir='ltr'><em>πύργων</em></span> <span class='ocrx_word' id='word_1_73' title='bbox 672 2028 914 2093; x_wconf 79' lang='grc' dir='ltr'><em>ἔπεμψεν</em></span> <span class='ocrx_word' id='word_1_74' title='bbox 940 2021 1090 2087; x_wconf 83' lang='grc' dir='ltr'><em>ἐντὸς</em></span> <span class='ocrx_word' id='word_1_75' title='bbox 1121 2020 1380 2095; x_wconf 88' lang='grc' dir='ltr'><em>ὀλέθριον</em></span> <span class='ocrx_word' id='word_1_76' title='bbox 1406 2023 1626 2094; x_wconf 87' lang='grc' dir='ltr'><em>βρέτας·</em></span> 
     </span>
     <span class='ocr_line' id='line_1_15' title="bbox 420 2103 1585 2178; baseline -0.001 -17"><span class='ocrx_word' id='word_1_77' title='bbox 420 2103 557 2161; x_wconf 79' lang='grc' dir='ltr'><em>ὅθεν</em></span> <span class='ocrx_word' id='word_1_78' title='bbox 585 2104 721 2178; x_wconf 90' lang='grc' dir='ltr'><em>πρὸς</em></span> <span class='ocrx_word' id='word_1_79' title='bbox 747 2104 969 2178; x_wconf 72' lang='grc' dir='ltr'><em>ἀνδρῶν</em></span> <span class='ocrx_word' id='word_1_80' title='bbox 993 2104 1241 2177; x_wconf 80' lang='grc' dir='ltr'><em>ὑστέρων</em></span> <span class='ocrx_word' id='word_1_81' title='bbox 1265 2107 1585 2178; x_wconf 86' lang='grc' dir='ltr'><em>κεκλήσεται</em></span> 
     </span>
     <span class='ocr_line' id='line_1_16' title="bbox 419 2188 1656 2262; baseline -0.001 -16"><span class='ocrx_word' id='word_1_82' title='bbox 419 2189 668 2261; x_wconf 86' lang='grc' dir='ltr'><em>δούρειος</em></span> <span class='ocrx_word' id='word_1_83' title='bbox 700 2194 889 2261; x_wconf 80' lang='grc' dir='ltr'><em>ἵππος,</em></span> <span class='ocrx_word' id='word_1_84' title='bbox 921 2189 1168 2262; x_wconf 87' lang='grc' dir='ltr'><em>κρυπτὸν</em></span> <span class='ocrx_word' id='word_1_85' title='bbox 1191 2188 1476 2262; x_wconf 82' lang='grc' dir='ltr'><em>ἆμπισχῶν</em></span> <span class='ocrx_word' id='word_1_86' title='bbox 1500 2189 1656 2262; x_wconf 90' lang='grc' dir='ltr'><em>δόρυ.</em></span> 
     </span>
     <span class='ocr_line' id='line_1_17' title="bbox 413 2271 1878 2347; baseline -0.001 -17"><span class='ocrx_word' id='word_1_87' title='bbox 413 2280 585 2347; x_wconf 81' lang='grc' dir='ltr'><em>ἔρημα</em></span> <span class='ocrx_word' id='word_1_88' title='bbox 616 2271 668 2330; x_wconf 86' lang='grc' dir='ltr'><em>δ’</em></span> <span class='ocrx_word' id='word_1_89' title='bbox 699 2271 834 2346; x_wconf 74' lang='grc' dir='ltr'><em>ἄλση</em></span> <span class='ocrx_word' id='word_1_90' title='bbox 860 2276 952 2330; x_wconf 81' lang='grc' dir='ltr'><em>καὶ</em></span> <span class='ocrx_word' id='word_1_91' title='bbox 976 2281 1128 2330; x_wconf 88' lang='grc' dir='ltr'><em>θεῶν</em></span> <span class='ocrx_word' id='word_1_92' title='bbox 1151 2272 1425 2346; x_wconf 76' lang='grc' dir='ltr'><em>ἀνάκτορα</em></span> <span class='ocrx_word' id='word_1_93' title='bbox 1823 2287 1878 2329; x_wconf 80' lang='lat'><em>15</em></span> 
     </span>
     <span class='ocr_line' id='line_1_18' title="bbox 415 2358 1701 2433; baseline 0.001 -18"><span class='ocrx_word' id='word_1_94' title='bbox 415 2358 570 2433; x_wconf 75' lang='grc' dir='ltr'><em>φόνῳ</em></span> <span class='ocrx_word' id='word_1_95' title='bbox 595 2372 860 2432; x_wconf 77' lang='grc' dir='ltr'><em>καταρρεῖ</em></span> <span class='ocrx_word' id='word_1_96' title='bbox 869 2377 880 2388; x_wconf 92' lang='grc'><em>·</em></span> <span class='ocrx_word' id='word_1_97' title='bbox 907 2358 1043 2430; x_wconf 87' lang='grc' dir='ltr'><em>πρὸς</em></span> <span class='ocrx_word' id='word_1_98' title='bbox 1067 2359 1128 2415; x_wconf 75' lang='grc' dir='ltr'><em>δὲ</em></span> <span class='ocrx_word' id='word_1_99' title='bbox 1151 2364 1437 2432; x_wconf 85' lang='grc' dir='ltr'><em>κρηπίδων</em></span> <span class='ocrx_word' id='word_1_100' title='bbox 1466 2359 1701 2432; x_wconf 83' lang='grc' dir='ltr'><em>βάθροις</em></span> 
     </span>
     <span class='ocr_line' id='line_1_19' title="bbox 413 2442 1617 2516; baseline 0 -17"><span class='ocrx_word' id='word_1_101' title='bbox 413 2446 663 2499; x_wconf 90' lang='grc' dir='ltr'><em>πέπτωκε</em></span> <span class='ocrx_word' id='word_1_102' title='bbox 685 2449 936 2516; x_wconf 90' lang='grc' dir='ltr'><em>Πρίαμος</em></span> <span class='ocrx_word' id='word_1_103' title='bbox 958 2442 1134 2515; x_wconf 82' lang='grc' dir='ltr'><em>Ζηνὸς</em></span> <span class='ocrx_word' id='word_1_104' title='bbox 1162 2447 1377 2512; x_wconf 83' lang='grc' dir='ltr'><em>ἑρκείου</em></span> <span class='ocrx_word' id='word_1_105' title='bbox 1403 2448 1617 2500; x_wconf 77' lang='grc' dir='ltr'><em>θανών.</em></span> 
     </span>
     <span class='ocr_line' id='line_1_20' title="bbox 412 2525 1597 2601; baseline 0.002 -18"><span class='ocrx_word' id='word_1_106' title='bbox 412 2525 582 2593; x_wconf 78' lang='grc' dir='ltr'><em>πολὺς</em></span> <span class='ocrx_word' id='word_1_107' title='bbox 607 2529 667 2584; x_wconf 76' lang='grc' dir='ltr'><em>δὲ</em></span> <span class='ocrx_word' id='word_1_108' title='bbox 690 2527 892 2600; x_wconf 85' lang='grc' dir='ltr'><em>χρυσὸς</em></span> <span class='ocrx_word' id='word_1_109' title='bbox 916 2528 1136 2601; x_wconf 86' lang='grc' dir='ltr'><em>Φρύγιά</em></span> <span class='ocrx_word' id='word_1_110' title='bbox 1165 2550 1222 2583; x_wconf 89' lang='grc' dir='ltr'><em>τε</em></span> <span class='ocrx_word' id='word_1_111' title='bbox 1247 2529 1597 2601; x_wconf 82' lang='grc' dir='ltr'><em>σκυλεύματα</em></span> 
     </span>
     <span class='ocr_line' id='line_1_21' title="bbox 416 2609 1627 2684; baseline 0.002 -17"><span class='ocrx_word' id='word_1_112' title='bbox 416 2609 553 2684; x_wconf 85' lang='grc' dir='ltr'><em>πρὸς</em></span> <span class='ocrx_word' id='word_1_113' title='bbox 576 2618 714 2678; x_wconf 85' lang='grc' dir='ltr'><em>ναῦς</em></span> <span class='ocrx_word' id='word_1_114' title='bbox 741 2609 973 2684; x_wconf 86' lang='grc' dir='ltr'><em>Ἀχαιῶν</em></span> <span class='ocrx_word' id='word_1_115' title='bbox 995 2614 1284 2684; x_wconf 88' lang='grc' dir='ltr'><em>πέμπεται·</em></span> <span class='ocrx_word' id='word_1_116' title='bbox 1311 2616 1540 2684; x_wconf 89' lang='grc' dir='ltr'><em>μένουσι</em></span> <span class='ocrx_word' id='word_1_117' title='bbox 1566 2612 1627 2669; x_wconf 72' lang='grc' dir='ltr'><em>δὲ</em></span> 
     </span>
     <span class='ocr_line' id='line_1_22' title="bbox 411 2690 1878 2773; baseline 0.001 -22"><span class='ocrx_word' id='word_1_118' title='bbox 411 2695 744 2768; x_wconf 83' lang='grc' dir='ltr'><em>πρύμνηθεν</em></span> <span class='ocrx_word' id='word_1_119' title='bbox 769 2690 967 2769; x_wconf 75' lang='grc' dir='ltr'><em>οὖρον,</em></span> <span class='ocrx_word' id='word_1_120' title='bbox 997 2695 1068 2762; x_wconf 82' lang='grc' dir='ltr'><em>ῶς</em></span> <span class='ocrx_word' id='word_1_121' title='bbox 1093 2698 1416 2773; x_wconf 79' lang='grc' dir='ltr'><em>δεκασπόρῳ</em></span> <span class='ocrx_word' id='word_1_122' title='bbox 1437 2697 1619 2772; x_wconf 76' lang='grc' dir='ltr'><em>χρόνῳ</em></span> <span class='ocrx_word' id='word_1_123' title='bbox 1820 2709 1878 2752; x_wconf 77' lang='lat'><em>20</em></span> 
     </span>
     <span class='ocr_line' id='line_1_23' title="bbox 410 2777 1588 2854; baseline 0.003 -19"><span class='ocrx_word' id='word_1_124' title='bbox 410 2777 641 2850; x_wconf 79' lang='grc' dir='ltr'><em>ἀλόχους</em></span> <span class='ocrx_word' id='word_1_125' title='bbox 665 2804 722 2836; x_wconf 87' lang='grc' dir='ltr'><em>τε</em></span> <span class='ocrx_word' id='word_1_126' title='bbox 745 2783 837 2837; x_wconf 77' lang='grc' dir='ltr'><em>καὶ</em></span> <span class='ocrx_word' id='word_1_127' title='bbox 855 2779 1002 2837; x_wconf 88' lang='grc' dir='ltr'><em>τέκν’</em></span> <span class='ocrx_word' id='word_1_128' title='bbox 1033 2787 1316 2838; x_wconf 81' lang='grc' dir='ltr'><em>εἰσίδωσιν</em></span> <span class='ocrx_word' id='word_1_129' title='bbox 1344 2780 1588 2854; x_wconf 70' lang='grc' dir='ltr'><em>ἄσμενοι,</em></span> 
     </span>
     <span class='ocr_line' id='line_1_24' title="bbox 410 2862 1591 2939; baseline 0.003 -20"><span class='ocrx_word' id='word_1_130' title='bbox 410 2871 468 2920; x_wconf 83' lang='grc' dir='ltr'><em>οἳ</em></span> <span class='ocrx_word' id='word_1_131' title='bbox 486 2862 642 2936; x_wconf 85' lang='grc' dir='ltr'><em>τήνδ’</em></span> <span class='ocrx_word' id='word_1_132' title='bbox 673 2866 1110 2939; x_wconf 84' lang='grc' dir='ltr'><em>ἐπεστράτευσαν</em></span> <span class='ocrx_word' id='word_1_133' title='bbox 1129 2863 1389 2938; x_wconf 83' lang='grc' dir='ltr'><em>Ἕλληνες</em></span> <span class='ocrx_word' id='word_1_134' title='bbox 1411 2867 1591 2922; x_wconf 85' lang='grc' dir='ltr'><em>πόλιν.</em></span> 
     </span>
    </p>
   </div>
  </div>
 </body>
</html>
