<?xml version="1.0" encoding="UTF-8"?>
<!DOCTYPE html PUBLIC "-//W3C//DTD XHTML 1.0 Transitional//EN"
    "http://www.w3.org/TR/xhtml1/DTD/xhtml1-transitional.dtd">
<html xmlns="http://www.w3.org/1999/xhtml" xml:lang="en" lang="en">
 <head>
  <title>
</title>
<meta http-equiv="Content-Type" content="text/html;charset=utf-8" />
  <meta name='ocr-system' content='tesseract 3.04.00' />
  <meta name='ocr-capabilities' content='ocr_page ocr_carea ocr_par ocr_line ocrx_word'/>
</head>
<body>
  <div class='ocr_page' id='page_1' title='image "./euripidistragoe02euriuoft_0425.png"; bbox 0 0 2018 3117; ppageno 0'>
   <div class='ocr_carea' id='block_1_1' title="bbox 95 462 216 513">
    <p class='ocr_par' dir='ltr' id='par_1_1' title="bbox 95 462 216 513">
     <span class='ocr_line' id='line_1_1' title="bbox 95 462 216 513; baseline -0.033 0"><span class='ocrx_word' id='word_1_1' title='bbox 95 462 216 513; x_wconf 84' lang='lat' dir='ltr'><em>ME.</em></span> 
     </span>
    </p>
   </div>
   <div class='ocr_carea' id='block_1_2' title="bbox 769 61 1742 115">
    <p class='ocr_par' dir='ltr' id='par_1_2' title="bbox 769 61 1742 115">
     <span class='ocr_line' id='line_1_2' title="bbox 769 61 1742 115; baseline 0.007 -7"><span class='ocrx_word' id='word_1_2' title='bbox 769 61 1124 109; x_wconf 78' lang='grc' dir='ltr'><em>ΤΡΩΙΑΔΕΣ</em></span> <span class='ocrx_word' id='word_1_3' title='bbox 1640 62 1742 115; x_wconf 85' lang='grc'><em>375</em></span> 
     </span>
    </p>
   </div>
   <div class='ocr_carea' id='block_1_3' title="bbox 279 194 1492 357">
    <p class='ocr_par' dir='ltr' id='par_1_3' title="bbox 279 194 1492 357">
     <span class='ocr_line' id='line_1_3' title="bbox 281 194 1417 273; baseline -0.003 -16"><span class='ocrx_word' id='word_1_4' title='bbox 281 194 417 273; x_wconf 78' lang='grc' dir='ltr'><em>άτάρ</em></span> <span class='ocrx_word' id='word_1_5' title='bbox 445 199 644 272; x_wconf 82' lang='grc' dir='ltr'><em>σχεδὸν</em></span> <span class='ocrx_word' id='word_1_6' title='bbox 666 199 767 271; x_wconf 73' lang='grc' dir='ltr'><em>μὲν</em></span> <span class='ocrx_word' id='word_1_7' title='bbox 794 199 917 255; x_wconf 81' lang='grc' dir='ltr'><em>οἶδά</em></span> <span class='ocrx_word' id='word_1_8' title='bbox 944 218 1030 255; x_wconf 94' lang='grc' dir='ltr'><em>σοι</em></span> <span class='ocrx_word' id='word_1_9' title='bbox 1055 202 1417 273; x_wconf 81' lang='grc' dir='ltr'><em>στυγουμένη,</em></span> 
     </span>
     <span class='ocr_line' id='line_1_4' title="bbox 279 283 1492 357; baseline 0 -17"><span class='ocrx_word' id='word_1_10' title='bbox 279 283 425 357; x_wconf 78' lang='grc' dir='ltr'><em>ὅμως</em></span> <span class='ocrx_word' id='word_1_11' title='bbox 451 283 503 340; x_wconf 84' lang='grc' dir='ltr'><em>δ’</em></span> <span class='ocrx_word' id='word_1_12' title='bbox 536 286 760 356; x_wconf 82' lang='grc' dir='ltr'><em>ἐρέσθαι</em></span> <span class='ocrx_word' id='word_1_13' title='bbox 784 283 1055 355; x_wconf 84' lang='grc' dir='ltr'><em>βούλομαι</em></span> <span class='ocrx_word' id='word_1_14' title='bbox 1072 302 1083 312; x_wconf 94' lang='grc'><em>·</em></span> <span class='ocrx_word' id='word_1_15' title='bbox 1110 289 1324 355; x_wconf 99' lang='grc' dir='ltr'><em>γνῶμαι</em></span> <span class='ocrx_word' id='word_1_16' title='bbox 1347 292 1492 351; x_wconf 92' lang='grc' dir='ltr'><em>τίνες</em></span> 
     </span>
    </p>
   </div>
   <div class='ocr_carea' id='block_1_4' title="bbox 266 365 1743 441">
    <p class='ocr_par' dir='ltr' id='par_1_4' title="bbox 266 365 1743 441">
     <span class='ocr_line' id='line_1_5' title="bbox 266 365 1743 441; baseline 0.002 -16"><span class='ocrx_word' id='word_1_17' title='bbox 266 365 489 440; x_wconf 67' lang='grc' dir='ltr'><em>’Ἕλλησι</em></span> <span class='ocrx_word' id='word_1_18' title='bbox 517 371 609 424; x_wconf 84' lang='grc' dir='ltr'><em>καὶ</em></span> <span class='ocrx_word' id='word_1_19' title='bbox 638 370 724 424; x_wconf 86' lang='grc' dir='ltr'><em>σοὶ</em></span> <span class='ocrx_word' id='word_1_20' title='bbox 747 374 840 439; x_wconf 87' lang='grc' dir='ltr'><em>τῆς</em></span> <span class='ocrx_word' id='word_1_21' title='bbox 862 371 992 438; x_wconf 86' lang='grc' dir='ltr'><em>ἐμῆς</em></span> <span class='ocrx_word' id='word_1_22' title='bbox 1014 374 1191 440; x_wconf 83' lang='grc' dir='ltr'><em>ψυχῆς</em></span> <span class='ocrx_word' id='word_1_23' title='bbox 1216 370 1369 441; x_wconf 67' lang='grc' dir='ltr'><em>πτέρις</em></span> <span class='ocrx_word' id='word_1_24' title='bbox 1658 384 1743 428; x_wconf 84' lang='grc'><em>900</em></span> 
     </span>
    </p>
   </div>
   <div class='ocr_carea' id='block_1_5' title="bbox 277 445 1492 525">
    <p class='ocr_par' dir='ltr' id='par_1_5' title="bbox 277 445 1492 525">
     <span class='ocr_line' id='line_1_6' title="bbox 277 445 1492 525; baseline 0 -16"><span class='ocrx_word' id='word_1_25' title='bbox 277 452 379 509; x_wconf 80' lang='grc' dir='ltr'><em>οὐκ</em></span> <span class='ocrx_word' id='word_1_26' title='bbox 406 459 481 518; x_wconf 84' lang='grc' dir='ltr'><em>εἰς</em></span> <span class='ocrx_word' id='word_1_27' title='bbox 505 451 725 524; x_wconf 74' lang='grc' dir='ltr'><em>ἀκριβὲς</em></span> <span class='ocrx_word' id='word_1_28' title='bbox 747 445 943 523; x_wconf 81' lang='grc' dir='ltr'><em>ἦλθες,</em></span> <span class='ocrx_word' id='word_1_29' title='bbox 972 449 1109 508; x_wconf 76' lang='grc' dir='ltr'><em>ἀλλὰ</em></span> <span class='ocrx_word' id='word_1_30' title='bbox 1138 459 1240 517; x_wconf 84' lang='grc' dir='ltr'><em>πᾶς</em></span> <span class='ocrx_word' id='word_1_31' title='bbox 1264 452 1492 525; x_wconf 90' lang='grc' dir='ltr'><em>στρατὸς</em></span> 
     </span>
    </p>
   </div>
   <div class='ocr_carea' id='block_1_6' title="bbox 197 533 1438 610">
    <p class='ocr_par' dir='ltr' id='par_1_6' title="bbox 197 533 1438 610">
     <span class='ocr_line' id='line_1_7' title="bbox 197 533 1438 610; baseline -0.002 -16"><span class='ocrx_word' id='word_1_32' title='bbox 197 560 201 563; x_wconf 89' lang='grc'><em>·</em></span> <span class='ocrx_word' id='word_1_33' title='bbox 284 551 506 594; x_wconf 78' lang='grc' dir='ltr'><strong><em>κτανεῖν</em></strong></span> <span class='ocrx_word' id='word_1_34' title='bbox 529 542 655 609; x_wconf 87' lang='grc' dir='ltr'><em>ἐμοί</em></span> <span class='ocrx_word' id='word_1_35' title='bbox 675 535 726 592; x_wconf 83' lang='grc' dir='ltr'><em>σ’</em></span> <span class='ocrx_word' id='word_1_36' title='bbox 754 541 988 607; x_wconf 80' lang='grc' dir='ltr'><em>ἔδωκεν,</em></span> <span class='ocrx_word' id='word_1_37' title='bbox 1018 533 1188 610; x_wconf 80' lang='grc' dir='ltr'><em>ὅνπερ</em></span> <span class='ocrx_word' id='word_1_38' title='bbox 1218 534 1438 607; x_wconf 80' lang='grc' dir='ltr'><em>ἠδίκεις.</em></span> 
     </span>
    </p>
   </div>
   <div class='ocr_carea' id='block_1_7' title="bbox 92 627 202 679">
    <p class='ocr_par' dir='ltr' id='par_1_7' title="bbox 92 627 202 679">
     <span class='ocr_line' id='line_1_8' title="bbox 92 627 202 679; baseline -0.009 0"><span class='ocrx_word' id='word_1_39' title='bbox 92 627 202 679; x_wconf 86' lang='grc' dir='ltr'><em>ΕΛ.</em></span> 
     </span>
    </p>
   </div>
   <div class='ocr_carea' id='block_1_8' title="bbox 91 799 219 848">
    <p class='ocr_par' dir='ltr' id='par_1_8' title="bbox 91 799 219 848">
     <span class='ocr_line' id='line_1_9' title="bbox 91 799 219 848; baseline 0.008 -1"><span class='ocrx_word' id='word_1_40' title='bbox 91 799 219 848; x_wconf 89' lang='grc' dir='ltr'><em>ΜΕ.</em></span> 
     </span>
    </p>
   </div>
   <div class='ocr_carea' id='block_1_9' title="bbox 92 883 205 932">
    <p class='ocr_par' dir='ltr' id='par_1_9' title="bbox 92 883 205 932">
     <span class='ocr_line' id='line_1_10' title="bbox 92 883 205 932; baseline -0.009 0"><span class='ocrx_word' id='word_1_41' title='bbox 92 883 205 932; x_wconf 86' lang='grc' dir='ltr'><em>ΕΚ.</em></span> 
     </span>
    </p>
   </div>
   <div class='ocr_carea' id='block_1_10' title="bbox 92 1305 219 1354">
    <p class='ocr_par' dir='ltr' id='par_1_10' title="bbox 92 1305 219 1354">
     <span class='ocr_line' id='line_1_11' title="bbox 92 1305 219 1354; baseline 0 0"><span class='ocrx_word' id='word_1_42' title='bbox 92 1305 219 1354; x_wconf 87' lang='grc' dir='ltr'><em>ΜΕ.</em></span> 
     </span>
    </p>
   </div>
   <div class='ocr_carea' id='block_1_11' title="bbox 94 1558 203 1608">
    <p class='ocr_par' dir='ltr' id='par_1_11' title="bbox 94 1558 203 1608">
     <span class='ocr_line' id='line_1_12' title="bbox 94 1558 203 1608; baseline -0.009 0"><span class='ocrx_word' id='word_1_43' title='bbox 94 1558 203 1608; x_wconf 87' lang='grc' dir='ltr'><em>ΕΛ.</em></span> 
     </span>
    </p>
   </div>
   <div class='ocr_carea' id='block_1_12' title="bbox 272 615 1744 2892">
    <p class='ocr_par' dir='ltr' id='par_1_12' title="bbox 278 615 1517 697">
     <span class='ocr_line' id='line_1_13' title="bbox 278 615 1517 697; baseline -0.001 -18"><span class='ocrx_word' id='word_1_44' title='bbox 278 626 484 690; x_wconf 82' lang='grc' dir='ltr'><em>ἔξεστιν</em></span> <span class='ocrx_word' id='word_1_45' title='bbox 509 615 613 678; x_wconf 75' lang='grc' dir='ltr'><em>οὖν</em></span> <span class='ocrx_word' id='word_1_46' title='bbox 642 619 778 693; x_wconf 86' lang='grc' dir='ltr'><em>πρὸς</em></span> <span class='ocrx_word' id='word_1_47' title='bbox 801 618 955 676; x_wconf 80' lang='grc' dir='ltr'><em>ταῦτ’</em></span> <span class='ocrx_word' id='word_1_48' title='bbox 988 618 1328 692; x_wconf 77' lang='grc' dir='ltr'><em>ἀμείψασθαι</em></span> <span class='ocrx_word' id='word_1_49' title='bbox 1355 622 1517 697; x_wconf 76' lang='grc' dir='ltr'><em>λόγῳ,</em></span> 
     </span>
    </p>

    <p class='ocr_par' dir='ltr' id='par_1_13' title="bbox 281 701 1417 777">
     <span class='ocr_line' id='line_1_14' title="bbox 281 701 1417 777; baseline -0.003 -13"><span class='ocrx_word' id='word_1_50' title='bbox 281 705 354 772; x_wconf 83' lang='grc' dir='ltr'><em>ῶς</em></span> <span class='ocrx_word' id='word_1_51' title='bbox 380 704 447 763; x_wconf 76' lang='grc' dir='ltr'><em>οὐ</em></span> <span class='ocrx_word' id='word_1_52' title='bbox 473 710 725 776; x_wconf 90' lang='grc' dir='ltr'><em>δικαίως,</em></span> <span class='ocrx_word' id='word_1_53' title='bbox 752 701 822 776; x_wconf 77' lang='grc' dir='ltr'><em>ἦν</em></span> <span class='ocrx_word' id='word_1_54' title='bbox 845 705 1029 776; x_wconf 91' lang='grc' dir='ltr'><em>θάνω,</em></span> <span class='ocrx_word' id='word_1_55' title='bbox 1055 705 1417 777; x_wconf 80' lang='grc' dir='ltr'><em>θανούμεθα;</em></span> 
     </span>
    </p>

    <p class='ocr_par' dir='ltr' id='par_1_14' title="bbox 279 786 1742 946">
     <span class='ocr_line' id='line_1_15' title="bbox 279 786 1742 862; baseline -0.001 -13"><span class='ocrx_word' id='word_1_56' title='bbox 279 790 382 849; x_wconf 79' lang='grc' dir='ltr'><em>οὐκ</em></span> <span class='ocrx_word' id='word_1_57' title='bbox 409 796 484 856; x_wconf 84' lang='grc' dir='ltr'><em>είς</em></span> <span class='ocrx_word' id='word_1_58' title='bbox 513 790 712 862; x_wconf 89' lang='grc' dir='ltr'><em>λόγους</em></span> <span class='ocrx_word' id='word_1_59' title='bbox 736 787 987 861; x_wconf 81' lang='grc' dir='ltr'><strong><em>ἐλήλυθ’,</em></strong></span> <span class='ocrx_word' id='word_1_60' title='bbox 1017 786 1153 845; x_wconf 77' lang='grc' dir='ltr'><em>ἄλλά</em></span> <span class='ocrx_word' id='word_1_61' title='bbox 1175 808 1235 845; x_wconf 87' lang='grc' dir='ltr'><em>σε</em></span> <span class='ocrx_word' id='word_1_62' title='bbox 1260 796 1486 846; x_wconf 88' lang='grc' dir='ltr'><em>κτενῶν.</em></span> <span class='ocrx_word' id='word_1_63' title='bbox 1659 804 1742 847; x_wconf 80' lang='lat'><em>905</em></span> 
     </span>
     <span class='ocr_line' id='line_1_16' title="bbox 279 872 1425 946; baseline -0.002 -14"><span class='ocrx_word' id='word_1_64' title='bbox 279 875 518 932; x_wconf 71' lang='grc' dir='ltr'><em>ἄκουσον</em></span> <span class='ocrx_word' id='word_1_65' title='bbox 542 873 737 945; x_wconf 82' lang='grc' dir='ltr'><em>αὐτῆς,</em></span> <span class='ocrx_word' id='word_1_66' title='bbox 764 873 836 945; x_wconf 85' lang='grc' dir='ltr'><em>μὴ</em></span> <span class='ocrx_word' id='word_1_67' title='bbox 861 873 1011 946; x_wconf 86' lang='grc' dir='ltr'><em>θάνῃ</em></span> <span class='ocrx_word' id='word_1_68' title='bbox 1036 872 1189 929; x_wconf 85' lang='grc' dir='ltr'><em>τοῦδ’</em></span> <span class='ocrx_word' id='word_1_69' title='bbox 1219 874 1425 945; x_wconf 81' lang='grc' dir='ltr'><em>ἐνδεής,</em></span> 
     </span>
    </p>

    <p class='ocr_par' dir='ltr' id='par_1_15' title="bbox 278 957 1490 1031">
     <span class='ocr_line' id='line_1_17' title="bbox 278 957 1490 1031; baseline -0.002 -14"><span class='ocrx_word' id='word_1_70' title='bbox 278 962 561 1031; x_wconf 77' lang='grc' dir='ltr'><em>Μενέλαε,</em></span> <span class='ocrx_word' id='word_1_71' title='bbox 591 960 684 1016; x_wconf 84' lang='grc' dir='ltr'><em>καὶ</em></span> <span class='ocrx_word' id='word_1_72' title='bbox 711 957 805 1024; x_wconf 87' lang='grc' dir='ltr'><em>δὸς</em></span> <span class='ocrx_word' id='word_1_73' title='bbox 828 957 957 1023; x_wconf 80' lang='grc' dir='ltr'><em>τοὺς</em></span> <span class='ocrx_word' id='word_1_74' title='bbox 986 961 1269 1023; x_wconf 82' lang='grc' dir='ltr'><em>ἐναντίους</em></span> <span class='ocrx_word' id='word_1_75' title='bbox 1293 958 1490 1029; x_wconf 77' lang='grc' dir='ltr'><strong><em>λόγους</em></strong></span> 
     </span>
    </p>

    <p class='ocr_par' dir='ltr' id='par_1_16' title="bbox 279 1040 1540 1118">
     <span class='ocr_line' id='line_1_18' title="bbox 279 1040 1540 1118; baseline -0.002 -17"><span class='ocrx_word' id='word_1_76' title='bbox 279 1043 410 1118; x_wconf 82' lang='grc' dir='ltr'><em>ἡμῖν</em></span> <span class='ocrx_word' id='word_1_77' title='bbox 436 1042 554 1100; x_wconf 75' lang='grc' dir='ltr'><em>κατ’</em></span> <span class='ocrx_word' id='word_1_78' title='bbox 583 1040 777 1113; x_wconf 80' lang='grc' dir='ltr'><em>αὐτῆς·</em></span> <span class='ocrx_word' id='word_1_79' title='bbox 808 1049 919 1098; x_wconf 91' lang='grc' dir='ltr'><em>τῶν</em></span> <span class='ocrx_word' id='word_1_80' title='bbox 941 1041 1045 1116; x_wconf 82' lang='grc' dir='ltr'><em>γὰρ</em></span> <span class='ocrx_word' id='word_1_81' title='bbox 1072 1046 1131 1098; x_wconf 94' lang='grc' dir='ltr'><em>ἐν</em></span> <span class='ocrx_word' id='word_1_82' title='bbox 1161 1050 1330 1117; x_wconf 78' lang='grc' dir='ltr'><em>Τροία</em></span> <span class='ocrx_word' id='word_1_83' title='bbox 1354 1048 1540 1098; x_wconf 91' lang='grc' dir='ltr'><em>κακῶν</em></span> 
     </span>
    </p>

    <p class='ocr_par' dir='ltr' id='par_1_17' title="bbox 280 1124 1744 1370">
     <span class='ocr_line' id='line_1_19' title="bbox 281 1124 1529 1199; baseline -0.002 -13"><span class='ocrx_word' id='word_1_84' title='bbox 281 1127 448 1186; x_wconf 76' lang='grc' dir='ltr'><em>οὐδὲν</em></span> <span class='ocrx_word' id='word_1_85' title='bbox 476 1129 760 1185; x_wconf 89' lang='grc' dir='ltr'><em>κάτοισθα.</em></span> <span class='ocrx_word' id='word_1_86' title='bbox 789 1130 1078 1193; x_wconf 77' lang='grc' dir='ltr'><em>συντεθεὶς</em></span> <span class='ocrx_word' id='word_1_87' title='bbox 1107 1125 1158 1183; x_wconf 89' lang='grc' dir='ltr'><em>δ’</em></span> <span class='ocrx_word' id='word_1_88' title='bbox 1188 1124 1217 1183; x_wconf 85' lang='grc' dir='ltr'>ὁ</span> <span class='ocrx_word' id='word_1_89' title='bbox 1243 1134 1344 1193; x_wconf 81' lang='grc' dir='ltr'><em>πᾶς</em></span> <span class='ocrx_word' id='word_1_90' title='bbox 1369 1127 1529 1199; x_wconf 90' lang='grc' dir='ltr'><em>λόγος</em></span> 
     </span>
     <span class='ocr_line' id='line_1_20' title="bbox 280 1210 1744 1284; baseline -0.002 -14"><span class='ocrx_word' id='word_1_91' title='bbox 280 1227 464 1270; x_wconf 78' lang='grc' dir='ltr'><em>κτενεῖ</em></span> <span class='ocrx_word' id='word_1_92' title='bbox 483 1237 575 1270; x_wconf 92' lang='grc' dir='ltr'><em>νιν</em></span> <span class='ocrx_word' id='word_1_93' title='bbox 598 1211 770 1278; x_wconf 76' lang='grc' dir='ltr'><em>οὕτως</em></span> <span class='ocrx_word' id='word_1_94' title='bbox 797 1210 934 1268; x_wconf 83' lang='grc' dir='ltr'><em>ῶστε</em></span> <span class='ocrx_word' id='word_1_95' title='bbox 958 1217 1216 1284; x_wconf 77' lang='grc' dir='ltr'><em>μηδαμῶς</em></span> <span class='ocrx_word' id='word_1_96' title='bbox 1237 1226 1455 1283; x_wconf 89' lang='grc' dir='ltr'><em>φυγεῖν.</em></span> <span class='ocrx_word' id='word_1_97' title='bbox 1659 1226 1744 1269; x_wconf 87' lang='grc'><em>910</em></span> 
     </span>
     <span class='ocr_line' id='line_1_21' title="bbox 280 1296 1464 1370; baseline -0.003 -16"><span class='ocrx_word' id='word_1_98' title='bbox 280 1305 474 1370; x_wconf 86' lang='grc' dir='ltr'><em>σχολῆς</em></span> <span class='ocrx_word' id='word_1_99' title='bbox 498 1297 557 1354; x_wconf 86' lang='grc' dir='ltr'><em>τὸ</em></span> <span class='ocrx_word' id='word_1_100' title='bbox 586 1303 793 1363; x_wconf 87' lang='grc' dir='ltr'><em>δῶρον·</em></span> <span class='ocrx_word' id='word_1_101' title='bbox 828 1302 878 1352; x_wconf 88' lang='grc' dir='ltr'><em>ει’</em></span> <span class='ocrx_word' id='word_1_102' title='bbox 899 1297 960 1352; x_wconf 73' lang='grc' dir='ltr'><em>δὲ</em></span> <span class='ocrx_word' id='word_1_103' title='bbox 983 1296 1240 1368; x_wconf 77' lang='grc' dir='ltr'><em>βούλεται</em></span> <span class='ocrx_word' id='word_1_104' title='bbox 1264 1299 1464 1367; x_wconf 84' lang='grc' dir='ltr'><em>λέγειν,</em></span> 
     </span>
    </p>

    <p class='ocr_par' dir='ltr' id='par_1_18' title="bbox 279 1378 1564 1537">
     <span class='ocr_line' id='line_1_22' title="bbox 280 1378 1564 1453; baseline -0.002 -14"><span class='ocrx_word' id='word_1_105' title='bbox 280 1388 465 1450; x_wconf 82' lang='grc' dir='ltr'><em>ἔξεστι.</em></span> <span class='ocrx_word' id='word_1_106' title='bbox 499 1389 608 1438; x_wconf 90' lang='grc' dir='ltr'><em>τῶν</em></span> <span class='ocrx_word' id='word_1_107' title='bbox 632 1388 745 1438; x_wconf 92' lang='grc' dir='ltr'><em>σῶν</em></span> <span class='ocrx_word' id='word_1_108' title='bbox 770 1379 821 1437; x_wconf 79' lang='grc' dir='ltr'><em>δ’</em></span> <span class='ocrx_word' id='word_1_109' title='bbox 874 1379 1057 1452; x_wconf 68' lang='grc' dir='ltr'><em>εἵνεχ’,</em></span> <span class='ocrx_word' id='word_1_110' title='bbox 1086 1378 1155 1445; x_wconf 85' lang='grc' dir='ltr'><em>ῶς</em></span> <span class='ocrx_word' id='word_1_111' title='bbox 1181 1381 1358 1453; x_wconf 80' lang='grc' dir='ltr'><em>μάθῃ,</em></span> <span class='ocrx_word' id='word_1_112' title='bbox 1382 1380 1564 1453; x_wconf 87' lang='grc' dir='ltr'><em>λόγων</em></span> 
     </span>
     <span class='ocr_line' id='line_1_23' title="bbox 279 1464 1527 1537; baseline -0.003 -13"><span class='ocrx_word' id='word_1_113' title='bbox 279 1468 437 1524; x_wconf 83' lang='grc' dir='ltr'><em>δῶσω</em></span> <span class='ocrx_word' id='word_1_114' title='bbox 467 1465 584 1523; x_wconf 82' lang='grc' dir='ltr'><em>τόδ’</em></span> <span class='ocrx_word' id='word_1_115' title='bbox 613 1464 780 1537; x_wconf 78' lang='grc' dir='ltr'><em>αὐτῇ,</em></span> <span class='ocrx_word' id='word_1_116' title='bbox 804 1470 968 1536; x_wconf 86' lang='grc' dir='ltr'><em>τῆσδε</em></span> <span class='ocrx_word' id='word_1_117' title='bbox 991 1464 1044 1522; x_wconf 80' lang='grc' dir='ltr'><em>δ’</em></span> <span class='ocrx_word' id='word_1_118' title='bbox 1075 1465 1142 1522; x_wconf 83' lang='grc' dir='ltr'><em>οὐ</em></span> <span class='ocrx_word' id='word_1_119' title='bbox 1169 1465 1327 1521; x_wconf 87' lang='grc' dir='ltr'><em>δῶσω</em></span> <span class='ocrx_word' id='word_1_120' title='bbox 1352 1466 1527 1537; x_wconf 88' lang='grc' dir='ltr'><em>χάριν.</em></span> 
     </span>
    </p>

    <p class='ocr_par' dir='ltr' id='par_1_19' title="bbox 277 1544 1468 1624">
     <span class='ocr_line' id='line_1_24' title="bbox 277 1544 1468 1624; baseline -0.002 -16"><span class='ocrx_word' id='word_1_121' title='bbox 277 1562 407 1618; x_wconf 79' lang='grc' dir='ltr'><em>ἴσως</em></span> <span class='ocrx_word' id='word_1_122' title='bbox 432 1574 525 1624; x_wconf 87' lang='grc' dir='ltr'><em>με,</em></span> <span class='ocrx_word' id='word_1_123' title='bbox 553 1548 657 1607; x_wconf 72' lang='grc' dir='ltr'><em>κᾶν</em></span> <span class='ocrx_word' id='word_1_124' title='bbox 685 1544 750 1606; x_wconf 73' lang='grc' dir='ltr'><em>εὖ</em></span> <span class='ocrx_word' id='word_1_125' title='bbox 773 1546 877 1606; x_wconf 74' lang='grc' dir='ltr'><em>κάν</em></span> <span class='ocrx_word' id='word_1_126' title='bbox 900 1557 1080 1616; x_wconf 89' lang='grc' dir='ltr'><em>κακῶς</em></span> <span class='ocrx_word' id='word_1_127' title='bbox 1106 1551 1244 1616; x_wconf 82' lang='grc' dir='ltr'><em>δόξω</em></span> <span class='ocrx_word' id='word_1_128' title='bbox 1271 1552 1468 1621; x_wconf 83' lang='grc' dir='ltr'><em>λέγειν,</em></span> 
     </span>
    </p>

    <p class='ocr_par' dir='ltr' id='par_1_20' title="bbox 280 1632 1742 1878">
     <span class='ocr_line' id='line_1_25' title="bbox 280 1632 1742 1707; baseline -0.001 -15"><span class='ocrx_word' id='word_1_129' title='bbox 280 1634 382 1692; x_wconf 76' lang='grc' dir='ltr'><em>οὐκ</em></span> <span class='ocrx_word' id='word_1_130' title='bbox 407 1635 729 1707; x_wconf 82' lang='grc' dir='ltr'><em>άνταμείψει</em></span> <span class='ocrx_word' id='word_1_131' title='bbox 754 1641 1022 1705; x_wconf 85' lang='grc' dir='ltr'><em>πολεμίαν</em></span> <span class='ocrx_word' id='word_1_132' title='bbox 1045 1632 1365 1707; x_wconf 78' lang='grc' dir='ltr'><em>ἡγούμενος.</em></span> <span class='ocrx_word' id='word_1_133' title='bbox 1661 1648 1742 1691; x_wconf 82' lang='grc'><em>915</em></span> 
     </span>
     <span class='ocr_line' id='line_1_26' title="bbox 282 1716 1447 1794; baseline -0.003 -16"><span class='ocrx_word' id='word_1_134' title='bbox 282 1721 386 1794; x_wconf 77' lang='grc' dir='ltr'><em>ἐγώ</em></span> <span class='ocrx_word' id='word_1_135' title='bbox 414 1719 488 1792; x_wconf 87' lang='grc' dir='ltr'><em>δ’,</em></span> <span class='ocrx_word' id='word_1_136' title='bbox 516 1718 550 1776; x_wconf 78' lang='grc' dir='ltr'>ἅ</span> <span class='ocrx_word' id='word_1_137' title='bbox 575 1718 626 1776; x_wconf 86' lang='grc' dir='ltr'><em>σ’</em></span> <span class='ocrx_word' id='word_1_138' title='bbox 655 1719 804 1792; x_wconf 82' lang='grc' dir='ltr'><em>οἶμαι</em></span> <span class='ocrx_word' id='word_1_139' title='bbox 830 1718 920 1775; x_wconf 79' lang='grc' dir='ltr'><em>διὰ</em></span> <span class='ocrx_word' id='word_1_140' title='bbox 946 1720 1126 1792; x_wconf 91' lang='grc' dir='ltr'><em>λόγων</em></span> <span class='ocrx_word' id='word_1_141' title='bbox 1153 1716 1286 1775; x_wconf 79' lang='grc' dir='ltr'><em>ἰόντ’</em></span> <span class='ocrx_word' id='word_1_142' title='bbox 1316 1722 1447 1791; x_wconf 85' lang='grc' dir='ltr'><em>ἐμοῦ</em></span> 
     </span>
     <span class='ocr_line' id='line_1_27' title="bbox 283 1801 1332 1878; baseline -0.004 -16"><span class='ocrx_word' id='word_1_143' title='bbox 283 1805 707 1878; x_wconf 80' lang='grc' dir='ltr'><em>κατηγορήσειν,</em></span> <span class='ocrx_word' id='word_1_144' title='bbox 735 1801 1005 1860; x_wconf 78' lang='grc' dir='ltr'><em>άντιθεῖσ’</em></span> <span class='ocrx_word' id='word_1_145' title='bbox 1037 1803 1332 1876; x_wconf 78' lang='grc' dir='ltr'><em>ἀμείψομαι</em></span> 
     </span>
    </p>

    <p class='ocr_par' dir='ltr' id='par_1_21' title="bbox 285 1886 1346 1960">
     <span class='ocr_line' id='line_1_28' title="bbox 285 1886 1346 1960; baseline -0.005 -13"><span class='ocrx_word' id='word_1_146' title='bbox 285 1904 397 1955; x_wconf 87' lang='grc' dir='ltr'><em>τοῖς</em></span> <span class='ocrx_word' id='word_1_147' title='bbox 422 1902 564 1946; x_wconf 90' lang='grc' dir='ltr'><em>σοῖσι</em></span> <span class='ocrx_word' id='word_1_148' title='bbox 593 1886 734 1959; x_wconf 79' lang='grc' dir='ltr'><em>τάμά</em></span> <span class='ocrx_word' id='word_1_149' title='bbox 759 1890 851 1943; x_wconf 80' lang='grc' dir='ltr'><em>καὶ</em></span> <span class='ocrx_word' id='word_1_150' title='bbox 873 1887 939 1944; x_wconf 79' lang='grc' dir='ltr'><em>τὰ</em></span> <span class='ocrx_word' id='word_1_151' title='bbox 963 1887 1015 1943; x_wconf 80' lang='grc' dir='ltr'><em>σ’</em></span> <span class='ocrx_word' id='word_1_152' title='bbox 1045 1888 1346 1960; x_wconf 84' lang='grc' dir='ltr'><em>αἰτιάματα.</em></span> 
     </span>
    </p>

    <p class='ocr_par' dir='ltr' id='par_1_22' title="bbox 281 1971 1493 2047">
     <span class='ocr_line' id='line_1_29' title="bbox 281 1971 1493 2047; baseline -0.003 -16"><span class='ocrx_word' id='word_1_153' title='bbox 281 1982 499 2047; x_wconf 90' lang='grc' dir='ltr'><em>πρῶτον</em></span> <span class='ocrx_word' id='word_1_154' title='bbox 522 1975 623 2045; x_wconf 71' lang='grc' dir='ltr'><em>μὲν</em></span> <span class='ocrx_word' id='word_1_155' title='bbox 650 1971 816 2046; x_wconf 73' lang='grc' dir='ltr'><em>ἀρχὰς</em></span> <span class='ocrx_word' id='word_1_156' title='bbox 840 1979 1024 2029; x_wconf 81' lang='grc' dir='ltr'><em>ἔτεκεν</em></span> <span class='ocrx_word' id='word_1_157' title='bbox 1046 1972 1117 2046; x_wconf 80' lang='grc' dir='ltr'><em>ἥδ</em></span> <span class='ocrx_word' id='word_1_158' title='bbox 1122 1997 1145 2029; x_wconf 89' lang='grc' dir='ltr'><em>ε</em></span> <span class='ocrx_word' id='word_1_159' title='bbox 1172 1979 1283 2028; x_wconf 90' lang='grc' dir='ltr'><em>τῶν</em></span> <span class='ocrx_word' id='word_1_160' title='bbox 1306 1978 1493 2027; x_wconf 89' lang='grc' dir='ltr'><em>κακῶν</em></span> 
     </span>
    </p>

    <p class='ocr_par' dir='ltr' id='par_1_23' title="bbox 281 2055 1744 2299">
     <span class='ocr_line' id='line_1_30' title="bbox 281 2055 1744 2133; baseline -0.001 -19"><span class='ocrx_word' id='word_1_161' title='bbox 281 2060 466 2133; x_wconf 85' lang='grc' dir='ltr'><em>Πάριν</em></span> <span class='ocrx_word' id='word_1_162' title='bbox 491 2065 748 2114; x_wconf 83' lang='grc' dir='ltr'><em>τεκοῦσα·</em></span> <span class='ocrx_word' id='word_1_163' title='bbox 779 2057 1042 2131; x_wconf 86' lang='grc' dir='ltr'><em>δεύτερον</em></span> <span class='ocrx_word' id='word_1_164' title='bbox 1073 2064 1106 2114; x_wconf 94' lang='grc' dir='ltr'><em>δ</em></span> <span class='ocrx_word' id='word_1_165' title='bbox 1113 2057 1126 2076; x_wconf 86' lang='lat'>&#39;</span> <span class='ocrx_word' id='word_1_166' title='bbox 1160 2055 1406 2113; x_wconf 81' lang='grc' dir='ltr'><em>άπῶλεσε</em></span> <span class='ocrx_word' id='word_1_167' title='bbox 1659 2069 1744 2113; x_wconf 85' lang='lat'><em>920</em></span> 
     </span>
     <span class='ocr_line' id='line_1_31' title="bbox 289 2139 1628 2217; baseline -0.001 -18"><span class='ocrx_word' id='word_1_168' title='bbox 289 2151 493 2217; x_wconf 88' lang='grc' dir='ltr'><em>Τροιάν</em></span> <span class='ocrx_word' id='word_1_169' title='bbox 516 2167 574 2199; x_wconf 91' lang='grc' dir='ltr'><em>τε</em></span> <span class='ocrx_word' id='word_1_170' title='bbox 597 2139 727 2213; x_wconf 70' lang='grc' dir='ltr'><em>κάμ’</em></span> <span class='ocrx_word' id='word_1_171' title='bbox 756 2140 784 2198; x_wconf 85' lang='grc' dir='ltr'>ὁ</span> <span class='ocrx_word' id='word_1_172' title='bbox 809 2146 1050 2215; x_wconf 81' lang='grc' dir='ltr'><em>πρέσβυς</em></span> <span class='ocrx_word' id='word_1_173' title='bbox 1075 2140 1142 2198; x_wconf 77' lang='grc' dir='ltr'><em>οὗ</em></span> <span class='ocrx_word' id='word_1_174' title='bbox 1166 2141 1383 2198; x_wconf 77' lang='grc' dir='ltr'><em>κτανὼν</em></span> <span class='ocrx_word' id='word_1_175' title='bbox 1407 2142 1628 2214; x_wconf 82' lang='grc' dir='ltr'><em>βρέφος,</em></span> 
     </span>
     <span class='ocr_line' id='line_1_32' title="bbox 282 2225 1470 2299; baseline -0.004 -15"><span class='ocrx_word' id='word_1_176' title='bbox 282 2233 456 2285; x_wconf 84' lang='grc' dir='ltr'><em>δαλοῦ</em></span> <span class='ocrx_word' id='word_1_177' title='bbox 481 2227 682 2299; x_wconf 86' lang='grc' dir='ltr'><em>πικρὸν</em></span> <span class='ocrx_word' id='word_1_178' title='bbox 705 2225 922 2299; x_wconf 83' lang='grc' dir='ltr'><em>μίμημ’,</em></span> <span class='ocrx_word' id='word_1_179' title='bbox 943 2226 1300 2297; x_wconf 77' lang='grc' dir='ltr'><em>Ἀλέξανδρόν</em></span> <span class='ocrx_word' id='word_1_180' title='bbox 1325 2248 1470 2281; x_wconf 89' lang='grc' dir='ltr'><em>ποτε.</em></span> 
     </span>
    </p>

    <p class='ocr_par' dir='ltr' id='par_1_24' title="bbox 286 2308 1330 2381">
     <span class='ocr_line' id='line_1_33' title="bbox 286 2308 1330 2381; baseline -0.004 -13"><span class='ocrx_word' id='word_1_181' title='bbox 286 2315 516 2370; x_wconf 82' lang='grc' dir='ltr'><em>ἐνθένδε</em></span> <span class='ocrx_word' id='word_1_182' title='bbox 540 2310 817 2369; x_wconf 75' lang='grc' dir='ltr'><em>τάπίλοιπ’</em></span> <span class='ocrx_word' id='word_1_183' title='bbox 847 2310 1086 2368; x_wconf 69' lang='grc' dir='ltr'><em>ἄκουσον</em></span> <span class='ocrx_word' id='word_1_184' title='bbox 1111 2308 1181 2376; x_wconf 82' lang='grc' dir='ltr'><em>ῶς</em></span> <span class='ocrx_word' id='word_1_185' title='bbox 1207 2318 1330 2381; x_wconf 81' lang='grc' dir='ltr'><em>ἔχει.</em></span> 
     </span>
    </p>

    <p class='ocr_par' dir='ltr' id='par_1_25' title="bbox 287 2395 1433 2471">
     <span class='ocr_line' id='line_1_34' title="bbox 287 2395 1433 2471; baseline -0.003 -19"><span class='ocrx_word' id='word_1_186' title='bbox 287 2402 468 2469; x_wconf 82' lang='grc' dir='ltr'><em>ἔκρινε</em></span> <span class='ocrx_word' id='word_1_187' title='bbox 491 2396 714 2471; x_wconf 85' lang='grc' dir='ltr'><em>τρισσὸν</em></span> <span class='ocrx_word' id='word_1_188' title='bbox 738 2404 923 2468; x_wconf 80' lang='grc' dir='ltr'><em>ζεῦγος</em></span> <span class='ocrx_word' id='word_1_189' title='bbox 947 2395 1041 2452; x_wconf 80' lang='grc' dir='ltr'><em>ὅδε</em></span> <span class='ocrx_word' id='word_1_190' title='bbox 1063 2402 1234 2462; x_wconf 89' lang='grc' dir='ltr'><em>τριῶν</em></span> <span class='ocrx_word' id='word_1_191' title='bbox 1257 2401 1433 2450; x_wconf 87' lang='grc' dir='ltr'><em>θεῶν·</em></span> 
     </span>
    </p>

    <p class='ocr_par' dir='ltr' id='par_1_26' title="bbox 284 2475 1741 2638">
     <span class='ocr_line' id='line_1_35' title="bbox 284 2475 1741 2553; baseline -0.002 -17"><span class='ocrx_word' id='word_1_192' title='bbox 284 2483 377 2536; x_wconf 82' lang='grc' dir='ltr'><em>καὶ</em></span> <span class='ocrx_word' id='word_1_193' title='bbox 398 2482 687 2546; x_wconf 88' lang='grc' dir='ltr'><em>Παλλάδος</em></span> <span class='ocrx_word' id='word_1_194' title='bbox 709 2482 810 2552; x_wconf 74' lang='grc' dir='ltr'><em>μὲν</em></span> <span class='ocrx_word' id='word_1_195' title='bbox 832 2475 901 2552; x_wconf 77' lang='grc' dir='ltr'><em>ἦν</em></span> <span class='ocrx_word' id='word_1_196' title='bbox 920 2478 1255 2553; x_wconf 77' lang='grc' dir='ltr'><em>Ἀλεξάνδρῳ</em></span> <span class='ocrx_word' id='word_1_197' title='bbox 1282 2478 1432 2542; x_wconf 82' lang='grc' dir='ltr'><em>δόσις</em></span> <span class='ocrx_word' id='word_1_198' title='bbox 1661 2491 1741 2534; x_wconf 81' lang='lat'><em>925</em></span> 
     </span>
     <span class='ocr_line' id='line_1_36' title="bbox 289 2562 1516 2638; baseline -0.003 -18"><span class='ocrx_word' id='word_1_199' title='bbox 289 2568 464 2637; x_wconf 79' lang='grc' dir='ltr'><em>Φρυξὶ</em></span> <span class='ocrx_word' id='word_1_200' title='bbox 489 2562 893 2638; x_wconf 81' lang='grc' dir='ltr'><em>στρατηγοῦνθ’</em></span> <span class='ocrx_word' id='word_1_201' title='bbox 917 2562 1127 2619; x_wconf 77' lang='grc' dir='ltr'><em>Ἑλλάδ’</em></span> <span class='ocrx_word' id='word_1_202' title='bbox 1157 2562 1516 2631; x_wconf 79' lang='grc' dir='ltr'><em>ἐξανιστάναι,</em></span> 
     </span>
    </p>

    <p class='ocr_par' dir='ltr' id='par_1_27' title="bbox 272 2642 1587 2892">
     <span class='ocr_line' id='line_1_37' title="bbox 272 2642 1587 2722; baseline -0.002 -17"><span class='ocrx_word' id='word_1_203' title='bbox 272 2646 416 2722; x_wconf 61' lang='grc' dir='ltr'><em>’Ἡρα</em></span> <span class='ocrx_word' id='word_1_204' title='bbox 443 2648 499 2704; x_wconf 80' lang='grc' dir='ltr'><em>δ’</em></span> <span class='ocrx_word' id='word_1_205' title='bbox 527 2647 776 2721; x_wconf 78' lang='grc' dir='ltr'><em>ὑπέσχετ’</em></span> <span class='ocrx_word' id='word_1_206' title='bbox 801 2646 1006 2704; x_wconf 75' lang='grc' dir='ltr'><em>Ἀσιάδ’</em></span> <span class='ocrx_word' id='word_1_207' title='bbox 1033 2645 1308 2721; x_wconf 72' lang='grc' dir='ltr'><em>Εὐρώπης</em></span> <span class='ocrx_word' id='word_1_208' title='bbox 1332 2644 1393 2702; x_wconf 84' lang='grc' dir='ltr'><em>θ’</em></span> <span class='ocrx_word' id='word_1_209' title='bbox 1422 2642 1587 2718; x_wconf 71' lang='grc' dir='ltr'><em>ὅρους</em></span> 
     </span>
     <span class='ocr_line' id='line_1_38' title="bbox 294 2732 1516 2806; baseline -0.002 -18"><span class='ocrx_word' id='word_1_210' title='bbox 294 2732 601 2806; x_wconf 84' lang='grc' dir='ltr'><em>[τυραννίδ’</em></span> <span class='ocrx_word' id='word_1_211' title='bbox 627 2738 799 2803; x_wconf 74' lang='grc' dir='ltr'><em>ἕξειν,</em></span> <span class='ocrx_word' id='word_1_212' title='bbox 829 2741 882 2788; x_wconf 75' lang='grc' dir='ltr'><em>εἴ</em></span> <span class='ocrx_word' id='word_1_213' title='bbox 899 2751 1007 2804; x_wconf 90' lang='grc' dir='ltr'><em>σφε</em></span> <span class='ocrx_word' id='word_1_214' title='bbox 1030 2739 1273 2804; x_wconf 88' lang='grc' dir='ltr'><em>κρίνειεν</em></span> <span class='ocrx_word' id='word_1_215' title='bbox 1295 2732 1516 2802; x_wconf 85' lang='grc' dir='ltr'><em>Πάρις]·</em></span> 
     </span>
     <span class='ocr_line' id='line_1_39' title="bbox 292 2816 1432 2892; baseline -0.003 -18"><span class='ocrx_word' id='word_1_216' title='bbox 292 2817 510 2892; x_wconf 83' lang='grc' dir='ltr'><em>Κύπρις</em></span> <span class='ocrx_word' id='word_1_217' title='bbox 535 2819 595 2874; x_wconf 76' lang='grc' dir='ltr'><em>δὲ</em></span> <span class='ocrx_word' id='word_1_218' title='bbox 624 2816 831 2890; x_wconf 80' lang='grc' dir='ltr'><em>τούμὸν</em></span> <span class='ocrx_word' id='word_1_219' title='bbox 856 2817 998 2882; x_wconf 83' lang='grc' dir='ltr'><em>εἶδος</em></span> <span class='ocrx_word' id='word_1_220' title='bbox 1021 2819 1432 2889; x_wconf 82' lang='grc' dir='ltr'><em>ἐκπαγλουμένη</em></span> 
     </span>
    </p>
   </div>
  </div>
 </body>
</html>
