2018 3117
791 56 917 104 ΤΡΩ
925 57 1143 103 ΙΑΔΕΣ
1663 53 1765 105 363

299 199 571 271 βρέμοντα
594 198 1050 270 χρυσεοφάλαρον
1073 203 1311 254 ἔνοπλον
1681 211 1766 253 520

299 285 359 338 ἐν
382 282 580 346 πύλαις
604 279 837 352 Ἀχαιοί“

301 364 407 422 ἀνὰ
431 363 482 422 δ’
511 366 741 438 ἐβόασεν
764 364 901 430 λεως

306 450 559 552 Τρωαδος
583 448 688 505 ἀπὸ
714 453 913 523 πέτρας
936 456 1185 515 σταθείς·

301 532 370 591 ἴτ’
400 537 442 590 ὠ
474 536 813 605 πεπαυμένοι
838 533 1043 606 πόνων,

301 617 418 675 τόδ’
450 617 601 692 ἱερὸν
625 615 857 690 ἀνάγετε
880 618 1082 685 ξόανον
1685 633 1766 674 525

292 701 479 760 Ἰλιάδι
503 711 765 774 Διογενεῖ
783 702 938 776 κόρα.

298 793 379 853 τίς
406 784 509 843 οὐκ
533 793 631 857 ἔβα
653 792 946 857 νεανίδων,

299 879 380 937 τίς
403 868 469 927 ού
493 869 711 943 γεραιὸς
735 874 793 926 ἐκ
819 871 1034 942 δόμων;

298 958 622 1028 κεχαρμένοι
648 954 703 1011 δ’
734 953 946 1021 ἀοιδαῖς

298 1042 488 1097 δόλιον
513 1046 673 1111 ἔσχον
698 1037 849 1095 ἄταν.
1683 1052 1767 1097 530

297 1131 443 1181 πᾶσα
469 1125 530 1180 δὲ
553 1127 721 1196 γέννα
746 1131 990 1196 Φρυγῶν
1542 1122 1658 1179 αντ.

298 1209 434 1282 πρὸς
459 1209 634 1274 πύλας
661 1206 911 1282 ὡρμάθη,

300 1294 478 1368 πεύκᾳ
504 1297 562 1349 ἐν
588 1291 781 1367 οὐρεία

299 1377 488 1445 ξεστὸν
515 1378 679 1448 λόχον
697 1376 962 1449 Ἀργείων

297 1465 389 1518 καὶ
410 1468 731 1535 Δαρδανίας
755 1459 889 1518 ἄταν
1686 1475 1766 1518 535

298 1553 406 1622 θεᾷ
430 1547 626 1603 δώσων

297 1632 457 1705 χάριν
481 1629 675 1703 ἄζυγος
702 1628 1135 1703 ἀμβροτοπώλου
1151 1649 1161 1659 ·

298 1722 547 1772 κλωστοῦ
573 1714 627 1771 δ’
656 1713 986 1788 ἀμφιβόλοις
1011 1721 1215 1786 λίνοιο,
1241 1712 1373 1780 ναὸς
1402 1710 1532 1771 ὡσεὶ

298 1801 507 1872 σκάφος
531 1800 788 1857 κελαινὸν
813 1807 888 1864 είς
911 1802 1115 1872 ἕδρανα

298 1885 459 1940 λάινα
485 1885 696 1940 δάπεδά
719 1909 777 1940 τε
806 1883 973 1956 φόνια
996 1889 1216 1958 πατρίδι
1686 1898 1769 1940 540

299 1969 589 2035 Παλλάδος
612 1971 788 2025 θέσαν
815 1974 967 2033 θεᾶς.

300 2057 361 2110 έν
389 2054 450 2110 δὲ
474 2053 624 2129 πόνῳ
649 2056 741 2110 καὶ
764 2059 905 2127 χαρᾷ

299 2138 493 2210 νύχιον
516 2140 606 2194 ἐπὶ
630 2141 838 2211 κνέφας
862 2143 1061 2209 παρῆν,

301 2230 473 2295 Λίβυς
496 2246 554 2278 τε
577 2222 748 2289 λωτὸς
772 2222 992 2279 ἐκτύπει

298 2308 542 2413 Φρύγιά
542 2331 600 2364 τε
623 2311 814 2380 μέλεα,
841 2308 1114 2379 παρθένοι
1141 2303 1195 2361 δ’
1685 2320 1766 2363 545

300 2388 488 2464 ἀέριον
514 2390 620 2449 άνά
642 2393 840 2464 κρότον
866 2396 1056 2447 ποδων

298 2477 434 2547 βοὰν
465 2481 699 2546 ἔμελπον
731 2471 991 2543 εὔφρον’·
1033 2475 1092 2526 ἐν

299 2561 488 2632 δόμοις
512 2562 573 2617 δε
596 2585 848 2634 παμφαες
871 2561 1029 2624 σέλας

299 2644 474 2718 πυρὸς
498 2649 761 2717 μέλαιναν
787 2652 982 2717 αἴγλαν

298 2740 324 2772 *
349 2740 376 2773 *
402 2734 608 2786 ἔδωκεν
632 2729 808 2806 ὕπνῳ.
1682 2745 1767 2788 550

299 2814 404 2887 ε’γώ
433 2815 494 2871 δὲ
516 2813 618 2870 τὰν
643 2812 938 2887 ὀρεστέραν
