2018 3117
211 94 281 147 70

570 91 946 138 ΙΦΙΓΕΝΕΙΑ
979 90 1039 135 Η
1068 91 1167 136 ΕΝ
1203 88 1491 136 ΤΑΥΡΟΙΣ

214 242 375 292 Bor.
402 240 538 307 βοῦς
560 230 811 306 ἤλθομεν
834 237 1091 297 νίψοντες
1115 232 1308 303 ἐναλίᾳ
1333 230 1532 304 δρόσῳ.

214 327 310 376 ΙΦ.

400 323 574 376 ἐκεῖσε
601 316 668 390 δὴ
698 315 989 387 ’πάνελθε,
1016 324 1124 371 ποῦ
1153 337 1245 371 νιν
1271 318 1441 370 εἵλετε

402 404 588 479 τρόπω
610 399 674 458 θ’
711 399 909 477 ὁποίῳ·
936 406 1099 457 τοῦτο
1125 398 1229 472 γὰρ
1254 408 1461 471 μαθεῖν
1485 400 1654 455 θέλω.

400 488 613 561 χρόνιοι
636 486 741 560 γὰρ
765 483 988 559 ἤκουσ’,
1030 487 1084 549 ἐξ
1123 485 1255 537 ὅτου
1297 483 1481 556 βωμὸς
1504 489 1641 549 θεᾶς

395 572 800 645 Ἑλληνικαῖσιν
825 574 1178 643 ἐξεφοινίχθη
1206 571 1372 640 ῥοαῖς.

216 665 374 716 ΒΟΤ.
404 660 522 716 ἐπει
549 657 648 715 τὸν
675 658 957 729 εἰσρέοντα
984 654 1076 712 δια
1102 654 1535 726 Συμπληγάδων

401 750 538 816 βοῦς
562 741 916 815 ὑλοφορβοὺς
941 741 1145 797 πόντον
1172 741 1578 811 εισεβάλλομεν,

405 853 474 902 ην
497 852 576 895 τις
602 826 840 899 διαρρὼξ
867 826 1127 898 κυμάτων
1153 832 1337 900 πολλῷ
1364 825 1512 899 σάλῳ

401 913 674 979 κοιλωπὸς
700 910 896 984 αγμός,
924 913 1368 983 πορφυρευτικαι
1393 912 1595 981 στέγαι.

401 1003 648 1056 ἐνταῦθα
675 997 899 1063 δισσοὺς
926 997 1040 1053 εἶδέ
1062 1021 1141 1062 τις
1165 1001 1389 1061 νεανίας

402 1083 723 1158 βουφορβὸς
748 1080 932 1154 ἡμῶν,
960 1080 1344 1152 κᾶνεχεόρησεν
1369 1080 1535 1136 πάλιν

402 1167 620 1242 ἄκροισι
647 1168 967 1225 δακτύλοισι
992 1165 1330 1237 πορθμεύων
1357 1173 1520 1235 ἴχνος.

402 1259 547 1321 ἔλεξε
573 1252 623 1310 δ’
645 1274 655 1283 ·
683 1251 783 1324 οὐχ
809 1251 997 1324 ὁρᾶτες
1026 1253 1281 1322 δαίμονές
1305 1273 1449 1315 τινες

401 1340 714 1396 θάσσουσιν
739 1342 870 1393 οἴ.δε
897 1335 1167 1409 θεοσεβὴς
1195 1333 1245 1392 δ’
1278 1333 1434 1408 ἡμῶν
1457 1358 1537 1399 τις
1563 1358 1643 1390 ων

403 1423 596 1511 α-νέσχε
620 1437 768 1495 χεῖρε
793 1424 886 1479 καὶ
911 1419 1236 1495 προσηύξατ’
1269 1420 1518 1477 εἰσιδών·

404 1534 444 1566 ω
473 1517 697 1575 ποντίας
722 1522 824 1565 παῖ
837 1510 1184 1578 Λευκοθέας,
1210 1530 1357 1562 νεων
1383 1505 1579 1577 φύλαξ,

401 1597 638 1652 δέσποτα
662 1602 979 1665 Παλαῖμον,
1006 1598 1163 1657 ι’λεως
1190 1589 1321 1664 ημῖν
1346 1596 1531 1662 γενοῦ,

402 1677 502 1737 εἴτ’
532 1673 637 1736 οὖν
663 1676 747 1736 ἐπ’
778 1677 966 1744 ἀκταῖς
990 1678 1266 1734 θάσσετον
1289 1676 1604 1746 Διοσκόρω,

397 1763 432 1838 ἢ
455 1767 688 1837 Νηρέως
720 1761 1020 1836 ἀγάλμαθ’,
1050 1761 1108 1828 ὃς
1132 1761 1229 1819 τὸν
1257 1759 1455 1834 εὐγενῆ

399 1859 572 1908 ἔτικτε
598 1849 936 1921 πεντήκοντα
958 1848 1241 1921 Νηρῄδων
1264 1847 1445 1919 χορόν.

399 1935 562 2001 ἄλλος
588 1936 653 1991 δέ
673 1958 751 1999 τις
776 1934 1028 2007 μάταιος,
1057 1932 1260 2007 ἀνομία
1284 1932 1520 2005 θρασύς,

400 2025 659 2094 ἐγελασεν
685 2017 896 2091 εὐχαῖς,
924 2026 1219 2084 ναυτίλους
1247 2015 1299 2074 δ’
1329 2018 1721 2089 ἐφθαρμένους

399 2107 633 2163 θάσσειν
659 2103 900 2178 φάραγγ’
931 2112 1137 2177 ἔφασκε
1161 2110 1260 2159 τοῦ
1286 2103 1463 2174 νόμου
1491 2102 1666 2179 φόβῳ,

399 2192 666 2256 κλύοντας
695 2189 765 2256 ὠς
791 2190 1030 2263 θύοιμεν
1060 2191 1262 2246 ἐνθάδε
1288 2191 1494 2255 ξένους.

402 2280 555 2344 ἔδοξε
581 2274 631 2333 δ’
662 2274 818 2349 ἡμῶν
841 2269 904 2332 εὖ
930 2278 1114 2348 λέγειν
1139 2288 1249 2340 τοῖς
1274 2280 1506 2343 πλειόσι,

401 2368 587 2434 θηρᾶν
613 2386 670 2418 τε
695 2368 759 2435 τῇ
786 2368 900 2437 θεῷ
929 2361 1139 2433 σφάγια
1165 2357 1483 2431 τάπιχεόρια.

397 2472 503 2503 καν
525 2453 666 2504 τῶδε
691 2450 898 2516 πέτραν
923 2444 1113 2517 άτερος
1137 2443 1315 2501 λιπών
1339 2446 1519 2511 ξένοιν

399 2539 524 2605 ἔστη
549 2533 691 2602 κάρα
715 2556 771 2588 τε
800 2529 1053 2599 διετίναξ’
1080 2529 1194 2587 ἅνω
1219 2529 1365 2585 κάτω

403 2615 803 2685 κάπεστέναξεν
831 2615 940 2673 ωλ’
913 2642 1036 2682 ενας
1061 2619 1275 2688 τρέμων
1303 2613 1489 2684 άκρας,

399 2709 619 2775 μανίαις
644 2700 915 2773 ἀλαίνων,
943 2704 1035 2757 καὶ
1060 2708 1165 2776 βοᾷ
1190 2698 1432 2771 κυναγὸς
1459 2696 1556 2764 ὥς·

1789 1091 1871 1137 265

1788 1517 1869 1563 270

1787 1944 1870 1991 275

399 2788 664 2860 Πυλάδη,
694 2790 959 2858 δέδορκας
984 2786 1178 2859 τήνδε;
1205 2785 1369 2857 τήνδε
1397 2781 1449 2840 δ’
1479 2780 1580 2855 οὐχ
1607 2780 1740 2858 ὁρᾷς
1784 2793 1868 2841 285

380 2869 580 2931 ἑἍιδου
607 2872 938 2945 δράκαιναν,
968 2869 1041 2937 ὥς
1065 2894 1132 2942 με
1157 2870 1414 2944 βούλεται
1441 2881 1663 2925 κτανεῖν
