2018 3117
869 95 1097 142 ΡΗΣΟΣ
1680 91 1781 143 34].

149 246 325 295 Mor.
353 235 455 293 οῦκ
481 237 584 293 εἶσι
609 242 765 309 γαίας
793 242 868 302 εἰς
890 237 1219 308 μελάγχιμον
1243 237 1438 291 πέδον·

146 2008 257 2057 ΧΟ.

148 2260 258 2309 ΕΚ.

331 319 558 378 τοσόνδε
602 321 831 393 νύμφην
853 319 952 392 τὴν
976 317 1160 393 ἔνερθ’
1190 319 1474 391 αἰτήσομαι

332 412 426 477 τῆς
453 411 798 477 καρποποιοῦ
821 409 990 460 παῖδα
1011 404 1302 476 Δήμητρος
1325 408 1478 474 θεᾶς,

333 489 517 561 ψυχὴν
541 488 753 546 ἀνεῖναι
779 486 934 544 τοῦδ’
954 507 965 518 ·
1003 485 1271 559 ὀφειλέτις
1298 490 1363 543 δέ
1382 510 1473 559 μοι
1702 500 1785 544 965

336 573 464 639 τοῦς
482 572 724 645 Ὀρφέως
746 578 953 644 τιμῶσα
977 578 1278 643 φαίνεσθαι
1304 578 1515 643 φίλους.

333 655 494 729 κάμοὶ
518 659 618 729 μὲν
642 655 713 722 ὥς
739 656 933 712 θανών
957 679 1014 711 τε
1038 653 1141 712 κοῦ
1165 656 1413 712 λεύσσων
1438 655 1576 727 φάος

333 748 480 798 ἔσται
504 742 563 798 τὸ
588 740 806 797 λοιπόν·
836 737 903 796 οὐ
926 739 1029 812 γὰρ
1056 744 1107 805 ἐς
1131 737 1331 795 ταύτόν
1356 762 1486 796 ποτε

332 825 406 880 ἔτ’
435 824 572 880 εἶσιν
618 823 750 880 οὐδὲ
794 823 995 896 μητρὸς
1022 821 1212 890 ὄψεται
1239 826 1420 895 δέμας,

331 909 569 981 κρυπτὸς
595 907 647 965 δ’
677 912 736 965 έν
761 905 979 981 ἄντροις
1001 914 1093 980 τῆς
1117 906 1446 980 ὑπαργύρου
1468 906 1670 979 χθονὸς
1702 919 1785 965 970

331 991 814 1066 ἀνθρωποδαίμων
837 998 1072 1048 κείσεται
1096 994 1315 1063 βλέπων
1339 991 1493 1064 φάος,

329 1077 546 1149 Βάκχου
570 1077 850 1152 προφήτης
876 1075 1011 1133 ὥστε
1034 1082 1324 1148 Παγγαίου
1349 1079 1553 1148 πέτραν

333 1159 509 1236 ᾤκησε
532 1160 728 1233 σεμνὸς
749 1175 923 1218 τοῖσιν
954 1161 1161 1217 εἰδόσιν
1183 1161 1330 1226 θεός.

332 1249 467 1320 ῥᾷον
493 1247 553 1302 δὲ
576 1248 781 1312 πένθος
810 1253 903 1317 τῆς
927 1251 1231 1310 θαλασσίας
1253 1251 1394 1301 θεοῦ

333 1339 490 1386 οἴσω·
520 1340 718 1386 θανεῖν
742 1329 845 1402 γὰρ
872 1332 962 1386 καὶ
986 1329 1082 1386 τὸν
1109 1333 1167 1385 ἐκ
1192 1336 1376 1402 κείνης
1398 1329 1592 1402 χρεών.
1701 1343 1784 1388 975

331 1415 561 1486 θρήνοις
586 1413 634 1470 δ’
662 1413 896 1485 ἀδελφαὶ
921 1421 1108 1488 πρῶτα
1131 1414 1232 1485 μὲν
1255 1411 1307 1469 σ’
1337 1410 1668 1486 ὑμνήσομεν,

332 1496 498 1554 ἔπειτ’
522 1497 740 1569 Ἀχιλλῆ
789 1501 1010 1564 Θέτιδος
1038 1502 1096 1554 ἐν
1120 1500 1316 1554 πένθει
1339 1500 1484 1553 ποτέ.

332 1580 399 1638 οὐ
425 1583 653 1653 ῥύσεταί
675 1607 765 1638 νιν
786 1583 1033 1653 Παλλάς,
1061 1581 1094 1653 ἤ
1119 1581 1168 1637 σ’
1199 1580 1491 1638 ἀπέκτανε·

329 1679 482 1722 τοῖον
507 1669 751 1741 φαρέτρα
773 1670 975 1735 Λοξίου
1000 1667 1153 1735 σώζει
1183 1669 1354 1739 βέλος.

329 1743 373 1805 ὦ
400 1753 712 1807 παιδοποιοὶ
737 1758 1043 1824 συμφοραί,
1070 1751 1230 1808 πόνοι
1253 1758 1485 1823 βροτῶν,
1700 1763 1785 1809 980

333 1832 404 1899 ὡς
432 1833 582 1900 ὅστις
608 1833 749 1907 ὑμᾶς
772 1836 843 1908 μὴ
870 1843 1048 1902 κακῶς
1072 1841 1354 1907 λογίζεται,

333 1916 492 1984 ἅπαις
520 1925 715 1976 διοίσει
739 1919 839 1976 κοῦ
866 1920 1038 1976 τεκών
1062 1921 1233 1986 θάψει
1259 1922 1439 1976 τέκνα.

325 1995 485 2068 οῦτος
508 2004 608 2074 μὲν
632 2002 736 2076 ἤδη
764 2007 926 2078 μητρὶ
949 2005 1208 2077 κηδεύειν
1231 2007 1406 2076 μέλει·

331 2086 401 2142 σὺ
427 2093 460 2143 δ
467 2085 480 2105 '
510 2096 565 2144 εἴ
581 2113 631 2144 τι
657 2089 921 2161 πράσσειν
944 2097 1054 2145 τῶν
1078 2091 1454 2161 προκειμένων
1478 2090 1677 2161 θέλεις,

313 2167 534 2245 Ἕκτορ,
561 2173 813 2246 πάρεστι·
840 2181 958 2246 φῶς
981 2173 1085 2247 γὰρ
1110 2170 1311 2246 ἡμέρας
1334 2175 1476 2231 τόδε.
1701 2186 1786 2231 985

324 2270 576 2329 χωρεῖτε,
603 2257 918 2330 συμμάχους
935 2265 1003 2312 θ’
1025 2256 1343 2326 ὁπλίζεσθαι
1369 2259 1527 2329 τάχος

333 2337 551 2411 ἄνωχθε
586 2349 836 2415 πληροῦν
861 2341 908 2398 τ’
938 2342 1169 2414 αὐχένας
1196 2345 1534 2415 ξυνωρίδων.

333 2424 542 2491 πανοὺς
567 2425 618 2482 δ’
649 2433 867 2498 ἔχοντας
890 2427 990 2499 χρὴ
1017 2429 1202 2498 μένειν
1233 2432 1575 2499 Τυρσηνικῆς

331 2507 627 2581 σάλπιγγος
650 2508 851 2582 αὐδήν·
880 2509 951 2575 ὥς
976 2508 1304 2582 ὑπερβαλών
1324 2514 1537 2581 τάφρον

334 2597 481 2663 τείχη
505 2592 554 2648 τ’
587 2592 818 2666 Ἀχαιῶν
840 2597 1042 2650 ναυσὶν
1067 2594 1233 2650 αἶθον
1257 2598 1512 2666 ἐμβαλεῖν
1699 2606 1791 2652 990

334 2677 575 2733 πέποιθα
603 2685 790 2751 Τρωσί
808 2676 869 2734 θ’
896 2675 1104 2752 ἡμέραν
1128 2681 1430 2753 ἐλευθέραν

334 2761 528 2816 ἀκτῖνα
549 2760 649 2833 τὴν
672 2769 995 2833 στείχουσαν
1019 2761 1180 2834 ἡλίου
1208 2765 1415 2835 φέρειν.
