2018 3117
200 79 305 131 320
927 83 1162 130 ΡΗΣΟΣ

393 221 607 295 γυμνὴς
632 219 870 295 ὁμαρτῇ,
898 227 1147 294 Θρῃκίαν
1170 228 1310 294 ἔχων
1335 225 1553 298 στολήν.

393 307 608 363 τοιόσδε
641 311 811 380 Τροίᾳ
836 305 1114 377 σύμμαχος
1138 306 1365 380 πάρεστ’
1393 305 1552 383 ἀνήρ,

395 387 461 446 ὃν
486 388 615 447 οὔτε
646 390 876 462 φεύγων
902 387 1035 446 οὔθ’
1069 388 1405 457 ὑποσταθεὶς
1429 395 1551 467 δορὶ

393 472 421 530 ὁ
445 477 673 547 Πηλέως
699 488 825 540 παῖς
855 478 1122 547 ἐκφυγεῖν
1146 477 1456 549 δυνήσεται.

201 566 318 616 ΧΟ.
387 557 519 615 ὅταν
543 567 788 626 πολίταις
820 557 1134 616 εὐσταθῶσι
1158 565 1430 633 δαίμονες,

396 647 550 716 ἕρπει
576 642 843 716 κατάντης
867 644 1124 717 ξυμφορὰ
1147 645 1283 717 πρὸς
1307 645 1542 719 τάγαθά.

200 735 317 785 ΕΚ.
387 730 653 800 πολλούς,
682 728 870 801 ἐπειδὴ
897 726 1106 801 τούμὸν
1131 728 1354 802 εὐτυχεῖ
1374 731 1514 805 δόρυ

392 815 484 869 καὶ
509 813 650 879 Ζεὺς
680 812 816 886 πρὸς
840 812 997 886 ἡμῶν
1021 818 1196 886 ἐστιν,
1229 813 1446 889 εὑρήσω
1475 823 1691 889 φίλους.

395 895 520 954 ἄλλ’
552 896 720 955 οὐδὲν
744 896 930 955 αὐτῶν
955 897 1204 970 δεόμεθ’,
1231 905 1430 967 οἵτινες
1456 901 1624 958 πάλαι

393 982 465 1054 μὴ
491 982 948 1055 ξυμπονοῦσιν,
921 981 1069 1055 ηνίκ’
1099 984 1364 1058 ἐξῶστης’
1363 985 1516 1091 Ἀρης

393 1074 601 1138 ἔθραυε
624 1075 794 1139 λαίφη
821 1074 985 1140 τῆσδε
1014 1075 1113 1140 γῆς
1138 1073 1304 1141 με’γας
1333 1073 1532 1127 πνέων.

383 1150 565 1252 Ῥησος
590 1150 642 1208 δ’
677 1156 882 1219 ἔδειξεν
907 1150 1018 1219 οἷος
1042 1156 1111 1224 ἦν
1143 1161 1312 1229 Τροία
1336 1162 1522 1228 φίλος·

387 1234 510 1309 ἥκει
540 1261 644 1310 γαρ
672 1243 748 1303 εἰς
773 1235 937 1309 δαῖτ’,
969 1236 1035 1294 οὐ
1061 1237 1255 1312 παρῶν
1281 1243 1608 1312 κυνηγέταις

390 1328 610 1394 αἱροῦσι
639 1329 795 1378 λείαν
821 1281 954 1379 ovd}
979 1322 1280 1396 συγκαμῶν
1304 1329 1445 1398 δορί.

202 1415 317 1463 ΧΟ.
390 1405 576 1479 ὀρθῶς
601 1404 798 1476 ἀτίζεις
820 1405 1175 1481 κάπίμομφος
1201 1409 1252 1464 εἷ
1274 1416 1482 1481 φίλοις·

393 1495 555 1563 δέχου
586 1493 647 1548 δὲ
670 1491 800 1558 τοὺς
825 1496 1093 1558 θέλοντας
1119 1491 1358 1566 ῶφελεῖν
1382 1495 1562 1552 πόλιν.

202 1583 318 1633 ΕΚ.
393 1574 675 1649 ἀρκοῦμεν
699 1581 757 1633 οἱ
780 1578 1040 1647 σῶζοντες
1056 1576 1230 1636 Ἴλιον
1260 1580 1443 1635 πάλαι.

205 1668 318 1717 ΧΟ.
390 1664 662 1728 πέποιθας
685 1659 791 1735 ἤδη
817 1670 1112 1734 πολεμίους
1135 1662 1425 1737 ᾑρηκέναι;

200 1753 316 1804 ΕΚ.
388 1749 658 1803 πέποιθα·
687 1751 854 1815 δείξει
878 1746 1111 1805 τούπιὸν
1134 1751 1472 1820 (ᾖξ’-λ.ἕαςθεοῦ.
1507 1737 1554 1813 Χ

200 1839 318 1887 ΧΟ.
389 1828 491 1904 όρα
515 1831 575 1888 τὸ
602 1835 826 1904 μέλλον·
854 1831 1016 1890 πόλλ
1047 1831 1378 1907 αναστρέφει
1403 1833 1552 1899 θεός.

199 1922 315 1972 ΕΚ.
388 1923 529 1988 μισῶ
562 1924 808 1989 φίλοισιν
834 1915 1067 1989 ὕστερον
1089 1924 1455 1992 βοηδρομειν.
1465 1942 1491 1973 x

393 1999 787 2026 ‹‹‹‹‹‹

391 2087 543 2152 ξένος
568 2087 629 2142 δε
653 2085 788 2159 πρὸς
811 2088 1080 2159 τράπεζαν
1103 2086 1277 2159 ἡκέτω
1302 2092 1500 2156 ξένων·

391 2170 545 2243 χάρις
567 2170 671 2244 γὰρ
699 2168 846 2227 αὐτῶ
874 2177 1200 2243 Πριαμιδῶν
1230 2175 1471 2229 διῶλετο.

200 2261 318 2309 XO.
389 2253 550 2327 άναξ,
582 2253 835 2312 ἀπωθεῖν
861 2257 1176 2328 συμμάχους
1201 2261 1527 2329 ἐπίφθονον.

200 2345 360 2395 ΑΓΓ.
391 2339 565 2412 φόβος
592 2339 794 2412 γένοιτ’
827 2337 895 2396 οἶν
924 2348 1203 2413 πολεμίοις
1228 2339 1427 2415 ὀφθεὶς
1452 2342 1639 2414 μόνον.

200 2429 317 2479 ΕΚ.
388 2425 459 2480 σύ
489 2423 538 2480 τ’
574 2448 637 2481 ευ
662 2439 947 2499 παραινεις
975 2429 1066 2482 καὶ
1102 2444 1172 2481 συ
1203 2434 1428 2499 καιρίως
1453 2440 1688 2493 σκοπεῖς.

396 2506 423 2564 ὁ
449 2509 818 2582 χρυσοτευχὴς
845 2513 948 2567 οὐν
977 2509 1063 2567 όδ’
1094 2509 1330 2583 ἀγγέλου
1356 2511 1501 2587 λόγω

387 2591 571 2664 Ρησος
599 2599 862 2667 παρέσται
887 2601 1016 2669 τῇδε
1040 2596 1316 2667 σύμμαχος
1340 2603 1521 2668 χθονί.

203 2684 321 2735 ΧΟ.
393 2675 713 2750 Ἀδράστεια
735 2678 889 2752 μὲν
862 2705 896 2736 α
917 2680 1055 2746 Διὸς
1081 2694 1207 2746 παῖς
1634 2700 1748 2752 στρ.

399 2771 572 2835 εἴργοι
596 2765 881 2836 στομάτων
905 2766 1151 2837 φθόνον·

715 2865 799 2908 342
811 2888 878 2895 -
890 2841 975 2910 350
993 2882 1063 2905 =
1082 2867 1163 2910 351
1174 2867 1338 2911 —359

1778 409 1861 454 315

1778 831 1861 874 320

1777 1255 1860 1300 325

1775 2017 1859 2062 336

1777 2271 1861 2315 334

1775 2357 1861 2400 335

1775 2441 1861 2485 339

1773 2525 1861 2570 340
