2018 3117
459 124 826 171 ΙΦΙΓΕΝΕΙΛ
863 125 919 170 H
949 126 1047 171 EN
1081 126 1338 172 AYAIAI
1646 122 1710 174 35

264 261 368 335 ἐγώ
394 263 605 333 παρέξω
630 267 707 337 σςό
735 261 891 317 πόσει
914 259 1122 333 τούμὸν
1147 265 1327 334 δέμας.

264 343 505 417 τοῦνομα
528 345 659 417 γάρ,
687 351 738 401 εί
756 346 848 400 καὶ
871 343 942 416 μὴ
966 350 1194 418 σίδηρον
1216 344 1401 418 ἤρατο,

264 426 467 501 τούμὸν
492 429 756 530 φονεύσει
779 433 948 484 παῖδα
971 428 1090 500 σήν.
1125 429 1184 486 τὸ
1210 428 1262 486 δ’
1291 440 1468 487 αἴτιον

262 514 418 577 πόσις
441 513 559 577 σός·
588 511 758 584 ἁγνὸν
783 510 837 566 δ’
867 509 1049 568 οὐκέτ’
1080 516 1191 569 ἐστι
1214 512 1353 586 σῶμ’
1381 516 1529 587 ἐμόν,
1629 529 1714 573 940

395 594 578 618 ‚‚‚‚‚

262 680 295 753 ἡ
320 679 474 737 δεινὰ
497 687 665 736 τλᾶσα
691 676 831 735 κούκ
860 677 1059 735 ἀνεκτὰ
1083 635 1376 753 παρθένος,

262 764 554 836 θαυμαστά
581 763 632 820 δ’
663 788 733 829 ως
758 760 934 830 ανάξι’
962 762 1312 837 ἠτιμασμένη.

263 848 365 921 ἐγω
391 848 640 913 κάκιστος
663 850 733 919 ἠν
756 844 844 918 ἄρ’
867 846 1129 920 Ἀργείων
1154 847 1310 921 ανήρ,

260 931 364 1004 ἐγώ
390 931 450 988 τὸ
475 933 675 1004 μηδέν,
701 934 996 996 ,Μενέλεως
1020 930 1072 987 δ’
1102 936 1161 988 ἐν
1188 931 1472 1005 ἀνδράσιν,
1628 949 1711 993 945

261 1013 331 1081 ὥς
358 1013 480 1086 οὐχὶ
502 1018 757 1087 Πηλέως,
785 1013 904 1071 ἀλλ’
933 1014 1229 1089 ἀλάστορος
1252 1018 1441 1090 γεγώς,

263 1109 412 1171 εἴπερ
439 1098 701 1170 φονεύσει
726 1097 931 1170 τούμὸν
956 1097 1128 1172 ὄνομα
1152 1107 1234 1176 σῷ
1260 1103 1432 1158 πόσει.

255 1183 330 1256 μὰ
353 1185 450 1240 τὸν
474 1181 549 1240 δι’
577 1181 767 1256 ὑγρῶν
792 1184 1049 1254 κυμάτων
1072 1189 1451 1257 τεθραμμένον

257 1270 475 1338 Νηρέα,
502 1266 824 1339 φυτουργὸν
850 1271 1072 1332 Θέτιδος
1094 1266 1128 1339 ἥ
1151 1267 1209 1340 μ’
1238 1273 1497 1342 ἐγείνατο,

259 1349 358 1421 οὐχ
384 1349 577 1417 ἅψεται
601 1357 697 1422 σῆς
722 1351 1000 1422 θυγατρὸς
1027 1350 1378 1424 Ἀγαμέμνων
1405 1353 1553 1425 ἅναξ,
1626 1369 1707 1413 950

260 1432 383 1491 οὐδ’
415 1441 488 1499 είς
513 1432 687 1506 ἄκραν
710 1432 866 1506 χεῖρ’,
892 1434 1029 1492 ὥστε
1053 1444 1386 1508 προσβαλεῖν
1409 1442 1656 1505 πέπλοις·

257 1516 292 1590 ἦ
315 1524 560 1583 Σίπυλος
585 1525 733 1574 ἔσται
758 1519 912 1584 πόλις
936 1517 1132 1591 ὅρισμα
1156 1522 1468 1594 βαρβάρων,

259 1600 396 1658 ὅθεν
421 1601 697 1674 πεφύκασ’
730 1607 785 1658 οἱ
812 1604 1169 1674 στρατηλάται
1194 1608 1367 1676 γένος,

255 1692 436 1750 Φθίας
473 1688 531 1739 δὲ
559 1683 788 1755 τοῦνομ’
829 1684 1076 1759 οὐδαμοῦ
1102 1691 1434 1761 κεκλήσεται.

254 1770 484 1842 πικροὺς
510 1771 570 1826 δὲ
594 1770 864 1842 προχύτας
887 1772 1138 1844 χέρνιβάς
1160 1771 1209 1828 τ’
1240 1775 1515 1847 ένάρξεται
1622 1788 1704 1833 955

253 1855 468 1924 Κάλχας
494 1853 521 1911 ὸ
546 1855 750 1926 μάντις.
776 1861 856 1920 τίς
878 1857 939 1911 δὲ
961 1856 1151 1927 μάντις
1177 1856 1284 1913 ἔστ’
1316 1856 1472 1932 ἀνήρ,

253 1936 312 2004 ὃς
337 1936 477 2010 ὀλίγ’
505 1936 686 2010 αληθῆ
700 1983 713 2009 ‚
739 1939 912 1995 πολλα
936 1941 997 1996 δε
1020 1945 1200 2013 ψευδῆ
1225 1945 1370 2014 λέγει

253 2023 456 2094 τυχών·
485 2021 615 2080 όταν
641 2024 701 2079 ὃε
725 2022 796 2096 μὴ
821 2024 955 2098 τύχῃ
971 2068 985 2095 ,
1012 2029 1297 2096 διοίχεται·
1286 2070 1298 2093 ,

254 2105 320 2163 οὐ
345 2113 455 2162 τῶν
480 2108 669 2179 γάμων
694 2111 842 2165 ἕκατι
855 2115 1086 2181 ,μυρίαι
1114 2110 1272 2182 κόραι

255 2198 472 2263 θηρωσι
495 2194 722 2263 λέκτρον
748 2190 979 2264 τούμόν,
1008 2202 1215 2264 ειρηται
1238 2195 1388 2251 τόδε·
1618 2211 1700 2255 960

253 2272 371 2330 ἀλλ’
400 2272 566 2348 ὕβριν
591 2279 642 2340 ἐς
667 2274 802 2348 ἡμᾶς
826 2275 1010 2349 ὕβρισ’
1044 2276 1398 2350 Ἀγαμέμνων
1422 2278 1553 2347 ἅναξ
1571 2300 1581 2309 ·

251 2365 390 2431 χρῆν
415 2358 464 2415 δ’
494 2357 664 2416 αὐτὸν
688 2367 861 2418 αἰτεῖν
876 2358 1083 2433 τούμὸν
1109 2360 1264 2434 ὄνομ’
1294 2367 1428 2435 ἐμοῦ
1453 2365 1614 2435 πάρα,

251 2443 475 2515 θήραμα
499 2444 716 2509 παιδός·
757 2443 790 2515 ἡ
815 2446 1271 2519 Κλυταιμνήστρα
1297 2445 1347 2503 δ’
1378 2451 1497 2520 ἐμοὶ

251 2524 462 2598 μάλιστ’
492 2531 719 2599 ἐπείσθη
743 2527 1007 2601 θυγατέρ’
1037 2533 1294 2587 ἐκδοῦναι
1321 2532 1490 2588 πόσει.

254 2611 431 2666 ἔδωκά
455 2608 554 2667 τᾶν
570 2609 854 2684 ’Ἑλλησιν,
881 2619 930 2669 εἰ
951 2613 1086 2681 πρὸς
1101 2613 1271 2670 Ἴλιον
1615 2629 1696 2673 965

251 2700 312 2749 εν
335 2693 466 2769 τῷδ’
494 2702 692 2766 ἔκαμνε
714 2697 928 2762 νόστος·
955 2695 1056 2753 οὐκ
1081 2696 1385 2771 ἠρνούμεθ’
1415 2696 1481 2754 ἂν

252 2775 312 2832 τὸ
336 2778 523 2835 κοινὸν
547 2778 734 2846 αὔξειν
759 2774 836 2836 ὧν
860 2779 975 2853 μέτ’
1005 2783 1418 2855 ἐστρατευόμην.

251 2865 358 2916 νῦν
381 2859 433 2917 δ’
463 2859 628 2919 οὐδέν
654 2870 761 2934 εἰμι
783 2865 928 2934 παρά
951 2888 1012 2937 γε
1034 2879 1143 2931 τοῖς
1167 2869 1568 2939 στρατηλάταις,

1357 2946 1388 2994 3
1403 2950 1425 2976 *
