2018 3117
1665 92 1766 145 247

180 244 483 309 πασθείσης
523 237 770 292 κελεύσει
815 236 979 307 Διός,
1019 233 1309 309 Ἑρμιόνην
1352 237 1412 292 δὲ
1449 236 1768 308 συλλαμβά-

177 340 376 380 νουσιν
421 327 479 378 ἐκ
527 327 624 377 τοῦ
670 326 763 392 τῆς
800 322 1289 394 Κλυταιμνήστρας
1333 321 1514 392 τάφου
1560 321 1767 391 ἐπανή-

178 426 412 463 κουσαν·
451 407 643 480 πρώην
677 405 781 477 γὰρ
807 402 981 475 αὐτὴν
999 402 1184 476 Ἑλένη
1210 406 1484 477 πεπόμφει
1509 412 1574 478 τῇ
1602 403 1766 461 άδελ-

179 496 256 563 φῇ
302 491 611 547 θύσουσαν.
673 489 930 561 λαβόντες
976 489 1036 544 δὲ
1063 487 1354 561 Ἑρμιόνην
1395 492 1486 545 καὶ
1530 495 1765 545 ἔνδοθεν

178 575 272 641 τὰς
309 582 419 631 τῶν
453 581 750 647 βασιλείων
776 570 1178 643 άσφαλίσαντες
1200 579 1403 645 πύλας,
1431 572 1681 645 ἀνῆλθον
1705 577 1765 629 ἐν
1788 589 1815 629 5

112 656 115 657 ⁷
177 661 433 735 μετεώρῳ
457 666 568 716 τών
585 663 896 730 βασιλείων,
925 660 1136 727 ἔχοντές
1159 681 1217 714 τε
1241 658 1342 730 τὴν
1359 657 1648 730 Ἑρμιόνην
1673 659 1765 714 καὶ

178 749 336 816 ξίφος
381 743 517 817 πρὸς
549 750 613 816 τῇ
651 745 783 815 δέρῃ
816 738 983 812 αὐτῆς
1024 744 1115 797 καὶ
1163 745 1448 814 μέλλοντες
1496 742 1629 815 μετὰ
1664 741 1766 814 τὴν

178 829 378 901 ταύτης
402 834 755 899 διαχείρισιν,
784 822 852 881 ἂν
877 825 948 897 μὴ
974 832 1116 899 σφᾶς
1139 830 1434 892 Μενέλεως
1462 828 1637 901 σώσῃ,
1673 829 1766 882 καὶ

178 913 306 979 τοὺς
332 913 535 985 δόμους
569 909 818 984 ὑφάψειν
852 916 1005 981 πυρί.
1055 915 1350 976 Μενέλεως
1375 912 1474 983 μὲν
1499 910 1608 968 ὑπὸ
1635 911 1766 967 τού-

178 1023 288 1055 των
304 995 526 1069 Ἑλένην
550 996 815 1052 τεθνάναι
839 994 1055 1067 μαθών,
1073 1000 1162 1051 ἵνα
1185 993 1289 1052 κᾶν
1302 997 1451 1069 σώσῃ
1475 996 1575 1068 τὴν
1599 1001 1767 1052 παῖδα
1780 1016 1837 1058 10

179 1083 389 1154 ἐλθών,
436 1081 633 1154 ἤρξατο
669 1089 905 1153 πορθεῖν
940 1079 1005 1136 τὰ
1042 1087 1317 1152 βασίλεια·
1374 1082 1659 1153 ἐπιφανεὶς
1706 1080 1766 1136 δὲ

173 1166 452 1224 Ἀπόλλων
477 1166 728 1238 διήλλαξε
752 1165 1006 1236 τούτους,
1026 1164 1247 1237 Ἑλένην
1271 1167 1371 1237 μὲν
1391 1172 1466 1231 εἰς
1490 1163 1767 1237 οὐρανοὺς

181 1252 356 1324 φήσας
382 1257 712 1323 διακομίσαι,
728 1252 1030 1306 Μενέλεων
1055 1250 1167 1305 δε
1142 1253 1332 1321 ετέραν
1356 1258 1547 1322 λαβεῖν
1571 1257 1664 1305 κελ
1671 1249 1772 1305 εύ-

179 1356 275 1402 σας
299 1349 563 1409 γυναῖκα,
592 1334 816 1409 Ὀρέστῃ
842 1336 902 1392 δε
928 1333 1218 1406 Ερμιόνην
1243 1336 1483 1401 συνάψαι
1508 1333 1641 1406 μετὰ
1664 1333 1766 1406 τὴν

179 1427 277 1478 τοῦ
313 1421 491 1493 φόνου
515 1420 818 1493 κάθαρσιν·
853 1413 918 1491 ἧς
941 1418 1242 1491 Ἀθήνησιν
1280 1427 1433 1491 ἔτυχε
1458 1418 1592 1492 μετὰ
1620 1416 1836 1492 'Epa-15

182 1506 331 1562 νύων
366 1511 442 1570 εἰς
471 1503 692 1578 ’Ἀρειον
729 1504 904 1575 πάγον
937 1511 1180 1577 κριθείς,
1217 1502 1306 1561 ὅτε
1341 1507 1433 1560 καὶ
1466 1509 1765 1560 καταδικα-

177 1597 384 1662 σθῆναι
423 1592 690 1661 μέλλοντα
723 1587 832 1645 ὑπὸ
871 1588 1093 1646 πάντων
1137 1595 1290 1645 θεῶν
1330 1587 1540 1661 Ἀθηνᾶ
1573 1594 1766 1660 ψῆφον

179 1681 424 1747 βαλοῦσα
462 1681 685 1747 νικῆσαι
717 1681 915 1730 τοῦτον
942 1677 1179 1745 ἐποίησε.
1205 1675 1298 1730 καὶ
1323 1671 1496 1739 οὕτως
1513 1672 1766 1744 Ὀρέστης

181 1757 411 1833 ὕστερον
450 1757 740 1832 Ἑρμιόνην
794 1772 1030 1831 γυναῖκα
1067 1759 1332 1831 λαμβάνει
1379 1758 1515 1814 κατὰ
1558 1755 1617 1813 τὸ
1664 1762 1764 1812 τοῦ

179 1844 512 1909 Λπόλλωνος
533 1846 812 1916 θέσπισμα
834 1845 926 1899 καὶ
944 1842 1184 1915 ’Ἄργους
1207 1856 1419 1915 κρατεῖ,
1444 1841 1678 1914 Πυλάδῃ
1705 1841 1765 1896 δὲ
1777 1857 1846 1899 20·

173 1926 468 2000 Ἠλέκτραν
491 1932 686 1985 δίδωσι
709 1927 809 2000 τὴν
834 1929 927 1984 καὶ
951 1929 1220 2001 πρότερον
1244 1925 1340 1984 ὑπ’
1368 1925 1540 1985 αὐτοῦ
1567 1949 1765 1997 κατεγ-

177 2022 487 2085 γυηθεῖσαν
520 2012 714 2088 τούτῳ.
743 2015 920 2069 ἰστέον
955 2013 1015 2069 δὲ
1042 2010 1124 2069 ὅτι
1149 2019 1295 2068 πᾶσα
1321 2017 1599 2087 τραγῳδία
1624 2011 1765 2083 σύμ-

180 2121 371 2168 φωνον
407 2103 515 2169 ἔχει
553 2099 646 2154 καὶ
678 2096 737 2154 τὸ
772 2099 948 2162 τέλος·
985 2100 1044 2153 ἐκ
1069 2097 1242 2169 λύπης
1276 2097 1380 2169 γὰρ
1417 2096 1637 2170 ἄρχεται
1671 2097 1764 2152 καὶ

181 2188 256 2247 εἰς
268 2182 449 2255 λύπην
471 2189 723 2256 τελευτᾷ·
749 2181 809 2239 τὸ
835 2180 1014 2254 παρὸν
1038 2183 1099 2239 δὲ
1117 2183 1296 2254 δρᾶμά
1320 2185 1467 2238 ἐστιν
1491 2185 1549 2238 ἐκ
1573 2204 1765 2254 τραγι-

179 2272 281 2322 κοῦ
299 2268 567 2338 κωμικόν·
593 2267 748 2339 λήγει
773 2265 877 2339 γὰρ
905 2272 981 2331 εἰς
995 2266 1089 2333 τὰς
1102 2264 1222 2341 παρ’
1244 2265 1584 2330 Ἀπόλλωνος
1608 2270 1764 2321 διαλ-
1776 2274 1834 2315 25

178 2349 346 2422 λαγας
380 2354 439 2407 ἐκ
468 2357 773 2425 συμφορῶν
799 2357 875 2416 εἰς
912 2349 1192 2423 εὐθυμίαν
1229 2348 1585 2423 κατηντηκός·
1632 2343 1666 2421 η
1702 2349 1763 2404 δὲ

178 2439 438 2510 κωμῳδία
463 2439 662 2508 γέλωσι
691 2437 783 2493 καὶ
810 2433 1181 2509 εὐφροσύναις
1205 2435 1526 2507 ἐνύφανται.
