2018 3117
112 628 115 630 ’
139 655 254 704 xo.

137 908 258 956 ΛΟ.

139 1328 253 1377 XO.

846 87 1077 135 ΡΗΣΟΣ
1681 89 1780 142 317

330 228 423 283 καὶ
448 233 597 282 κῶλα
624 226 846 297 κώλοις,
875 226 1179 298 τετράπουν
1207 227 1504 300 μιμήσομαι

329 311 502 366 λύκου
526 313 797 366 κέλευθον
821 317 1097 382 πολεμίοις
1123 313 1475 385 δυσεύρετον,

326 394 553 467 τάφροις
583 395 826 462 πελάζων
848 396 940 450 καὶ
963 401 1108 450 νεῶν
1135 396 1531 467 προβλήμασιν.

327 476 458 534 ὅταν
482 476 535 534 δ’
564 485 766 551 ἔρημον
786 484 966 549 χῶρον
991 482 1230 550 ἐμβαίνω
1255 486 1402 551 ποδί,

327 568 556 634 δίβαμος
585 563 722 635 εἶμι·
747 567 878 634 τῇδε
903 563 1182 633 σύγκειται
1208 563 1384 629 δόλος.
1703 580 1781 623 215

322 644 442 702 ἀλλ’
475 649 537 702 εὐ
562 646 611 703 σ’
640 644 667 703 ὁ
693 652 881 710 Μαίας
908 659 1033 711 παῖς
1057 650 1230 702 ἐκεῖσε
1255 650 1346 703 καὶ
1370 649 1534 705 πάλιν

326 734 589 802 πέμψειεν
605 729 822 802 Ἑρμῆς,
851 727 910 794 ὅς
934 754 996 801 γε
1021 738 1280 802 φηλητῶν
1305 729 1453 799 άναξ.

330 822 465 887 ἔχεις
491 815 551 871 δὲ
575 813 839 887 τοῦργον,
869 811 1120 885 εὐτυχεῖν
1147 814 1320 886 μόνον
1345 834 1404 871 σε
1428 818 1545 889 χρή.

327 898 654 970 σωθήσομαί
673 922 730 954 τε
755 900 848 954 καὶ
871 897 1090 954 κτανών
1120 896 1425 965 Ὀδυσσέως

328 992 459 1039 οἴσω
484 983 624 1056 κάρα
651 987 774 1054 σοι,
795 983 1077 1054 σύμβολον
1101 987 1133 1038 δ
1140 981 1153 1001 '
1183 989 1322 1054 ἔχων
1347 985 1518 1056 σαφὲς
1700 1001 1782 1042 220

327 1067 519 1139 φήσεις
541 1067 777 1124 Δόλωνα
804 1074 941 1132 ναῦς
969 1064 1055 1123 ἐπ’
1080 1065 1344 1140 Ἀργείων
1366 1076 1571 1140 μολεῖν,

324 1149 359 1223 ἦ
382 1156 550 1208 παῖδα
581 1154 827 1216 Τυδέως·
857 1149 983 1207 οὐδ’
1013 1149 1325 1227 ἀναιμάκτῳ
1348 1155 1467 1225 χερὶ

324 1235 433 1308 ἥξω
459 1235 594 1309 πρὸς
619 1245 805 1301 οἴκους
830 1237 963 1308 πρὶν
988 1236 1127 1306 φάος
1151 1243 1339 1307 μολεῖν
1362 1238 1557 1308 χθόνα.

325 1327 606 1393 Θυμβραῖε
634 1321 725 1376 καὶ
748 1320 923 1377 Δάλιε
946 1322 1038 1375 καὶ
1060 1327 1271 1385 Λυκίας
1561 1340 1674 1395 στρ.

325 1403 463 1461 ναὸν
486 1405 821 1477 ἐμβατεύων,
1700 1421 1781 1463 225

308 1486 609 1557 ’Ἀπολλον,
642 1482 685 1544 ὦ
710 1494 801 1544 δία
836 1488 1078 1560 κεφαλά,
1107 1488 1239 1560 μόλε
1264 1489 1518 1563 τοξήρης,
1545 1494 1668 1546 ἱκοῦ
1692 1495 1782 1547 ἐν-

886 1573 1074 1678 νήχιος

324 1660 416 1714 καὶ
438 1663 607 1729 γενοῦ
633 1657 895 1729 σωτήριος
922 1654 1075 1729 ἆνέρι
1101 1664 1314 1729 πομπᾶς

325 1765 544 1813 αγεμων
567 1743 658 1797 καὶ
685 1742 919 1813 ξύλλαβε
942 1747 1338 1815 Δαρδανίδαις,
1699 1757 1782 1800 230

326 1850 366 1882 ω
393 1827 723 1898 παγκρατές,
752 1849 792 1881 ω
827 1832 1024 1899 Τροΐας

324 1916 471 1981 τείχη
501 1909 704 1965 παλαια
734 1915 938 1982 δείμας.

326 1995 483 2066 μόλοι
507 1994 568 2050 δὲ
591 1994 924 2067 ναυκλήρια,
949 1996 1041 2050 καὶ
1067 2002 1317 2067 στρατιᾶς
1570 1993 1685 2052 ἇντ.

320 2077 571 2143 Ἑλλάδος
598 2079 826 2144 διόπτας

325 2168 523 2234 ἵκοιτο,
550 2165 642 2219 καὶ
666 2164 898 2236 κάμψειε
923 2163 1089 2220 πάλιν
1115 2167 1360 2236 θυμέλας
1383 2173 1555 2221 οἴκων
1578 2163 1780 2237 πατρὸς

880 2246 1124 2313 Ἰλιάδας.
1697 2263 1778 2305 235

325 2332 593 2388 Φθιάδων
617 2330 669 2388 δ’
699 2337 883 2388 ἵππων
908 2330 1031 2388 ποτ’
1060 2330 1145 2388 ἐπ’
1174 2331 1370 2403 ἄντυγι
1406 2338 1554 2404 βαίη,

327 2417 592 2472 δεσπότου
621 2419 920 2489 πέρσαντος
946 2414 1162 2487 Ἀχαιὸν
1179 2414 1335 2489 ’Ἀρη,

323 2499 417 2565 τὰς
439 2500 657 2567 πόντιος
679 2505 921 2574 Αἰακίδᾳ
1697 2512 1781 2556 240

322 2591 502 2655 Πηλεῖ
526 2590 719 2641 δίδωσι
746 2591 973 2656 δαίμων.

325 2668 443 2725 ἐπεὶ
466 2669 572 2742 πρό
595 2667 643 2725 τ’
675 2678 844 2726 οἴκων
871 2668 978 2741 πρό
1000 2690 1058 2724 τε
1081 2674 1179 2741 γᾶς
1205 2674 1330 2725 ἔτλα
1356 2668 1522 2741 μόνος
1557 2686 1670 2741 στρ.

644 2770 898 2813 224-232
917 2784 987 2806 Ξ
1003 2769 1088 2812 233
1100 2769 1262 2812 -241

646 2850 904 2893 242—252
922 2866 993 2887 ΞΣ
1010 2850 1270 2896 253-263
