2018 3117
189 99 288 150 188
862 94 1104 140 ΚΤΚΛΩ.
1117 94 1173 139 Ψ

192 247 307 296 ΧΟ.
375 243 616 309 σιγῶμεν
643 233 978 306 ἐγκάψαντες
1002 233 1202 303 αἰθέρα
1227 232 1473 303 γνάθοις.

196 332 312 380 ΟΛ.
379 321 477 393 ἄγε
503 344 610 376 νυν
633 316 782 383 ὅπως
806 315 1020 384 ἅψεσθε
1044 323 1143 372 τοῦ
1170 321 1341 371 δαλοῦ
1366 330 1552 389 χεροῖν
1764 328 1848 371 630

383 413 488 463 ἔσω
513 404 799 476 μολόντες·
828 402 1094 475 διάπυρος
1120 398 1173 456 δ’
1207 402 1355 456 ἐστὶν
1380 407 1572 466 καλῶς,

192 500 308 549 ΧΟ.
377 491 588 547 οὔκουν
611 488 682 544 σὺ
707 488 880 554 τάξεις
904 484 1160 550 οὕστινας
1187 486 1438 557 πρώτους
1462 484 1638 556 χρεων

380 573 587 631 καυτὸν
611 571 816 644 μοχλὸν
839 571 1107 643 λαβόντας
1145 571 1362 625 ἐκκάειν
1402 568 1461 624 τὸ
1491 576 1609 640 φῶς

384 659 723 727 Κύκλωπος;
750 654 822 721 ῶς
847 653 916 712 ἂν
939 662 1033 726 τῆς
1061 654 1225 726 τύχης
1250 653 1586 725 κοινῶμεθα.

197 754 330 803 HM.
391 742 545 816 ἡμεῖς
569 745 669 814 μέν
695 745 858 813 ἐσμεν
881 739 1222 813 μακρότερον
1247 737 1351 810 πρὸ
1379 745 1490 793 τῶν
1517 743 1715 809 θυρῶν
1770 751 1851 794 635

385 831 611 892 ἑστῶτες
636 825 810 883 ῶθεῖν
836 829 888 891 ἐς
912 824 1009 881 τὸν
1034 822 1331 895 ὀφθαλμὸν
1354 822 1414 878 τὸ
1440 829 1569 894 πῦρ.

196 923 331 971 HM.
389 911 544 984 ἡμεῖς
570 913 630 968 δὲ
652 917 824 983 χωλοί
845 907 898 982 γ’
927 907 1126 980 ἀρτίως
1151 908 1516 980 γεγενήμεθα.

197 1008 332 1056 HM.
391 996 596 1053 ταύτὸν
621 992 927 1052 πεπόνθατ’
957 988 1045 1066 ἆρ’
1081 995 1225 1061 ἐμοί·
1267 994 1396 1055 τους
1428 992 1534 1059 γὰρ
1561 993 1735 1054 πόδας

390 1085 616 1146 ἑστῶτες
642 1081 998 1150 ἐσπάσθημεν
1024 1076 1126 1134 οὐκ
1151 1075 1259 1133 οἶδ’
1290 1080 1341 1144 ἐξ
1367 1074 1516 1132 ὅτου.

199 1178 317 1226 ΟΔ.
389 1170 615 1231 ἑστῶτες
640 1166 979 1235 ἐσπάσθητε;
1016 1170 1155 1217 HM.
1183 1164 1275 1217 καὶ
1298 1162 1363 1217 τά
1388 1159 1441 1232 γ’
1473 1158 1687 1231 ὄμματα
1774 1171 1858 1215 640

392 1249 541 1324 μέστ’
572 1253 720 1307 ἐστὶν
744 1248 900 1321 ἡμῶν
925 1248 1116 1311 κόνεος
1144 1243 1175 1318 ἢ
1198 1249 1403 1318 τέφρας
1427 1247 1619 1301 ποθέν.

203 1347 320 1395 ΟΛ.
392 1335 591 1407 ἄνδρες
615 1336 850 1406 πονηροὶ
874 1330 1078 1388 κούδὲν
1103 1336 1219 1387 οἵδε
1247 1331 1533 1402 σύμμαχοι.

201 1432 318 1480 ΧΟ.
391 1419 508 1492 ὁτιὴ
534 1419 592 1475 τὸ
619 1426 798 1475 νῶτον
823 1417 922 1489 τὴν
948 1417 1106 1487 ῥάχιν
1130 1414 1184 1471 τ’
1215 1421 1556 1486 οἰκτείρομεν

392 1508 484 1561 καὶ
509 1503 636 1569 τοὺς
663 1503 893 1568 ὀδόντας
918 1506 1172 1573 ἐκβαλεῖν
1197 1499 1264 1556 οὐ
1289 1500 1559 1572 βούλομαι

389 1589 753 1659 τυπτόμενος,
791 1585 928 1658 αὕτη
953 1594 1198 1658 γίγνεται
1223 1591 1493 1656 πονηρία;
1777 1594 1859 1638 645

393 1673 513 1730 ἀλλ’
543 1672 647 1729 οἷδ’
679 1672 900 1748 ἐπῳδὴν
928 1670 1173 1743 Ὀρφέως
1199 1668 1420 1741 ἀγαθὴν
1442 1667 1607 1736 πάνυ,

393 1757 464 1824 ῶς
489 1757 799 1829 αὐτόματον
824 1755 922 1812 τὸν
947 1755 1118 1812 δαλὸν
1144 1760 1219 1819 εἰς
1243 1753 1301 1810 τὸ
1328 1759 1560 1825 κρανίον

392 1841 671 1914 στείχονθ’
703 1841 980 1914 ὑφάπτειν
1005 1839 1102 1896 τὸν
1127 1846 1357 1911 μονῶπα
1385 1842 1553 1893 παῖδα
1577 1842 1690 1907 γῆς.

209 1939 326 1986 ΟΛ.
400 1929 568 1984 πάλαι
616 1931 717 1998 μὲν
747 1928 849 1997 ἤδη
878 1926 928 1980 ‹5’
960 1925 1095 1979 ὄντα
1121 1928 1377 1977 τοιοῦτον
1425 1922 1610 1994 φύσει,

395 2020 504 2068 νῦν
533 2009 584 2069 δ’
617 2010 722 2067 οἶδ’
755 2010 997 2083 ἄμεινον.
1023 2023 1161 2065 τοῖσι
1187 2007 1240 2064 δ’
1277 2013 1498 2072 οἰκείοις
1525 2012 1706 2078 φίλοις
1779 2018 1862 2060 650

395 2103 644 2169 χρῆσθαί
664 2096 721 2168 μ’
752 2096 979 2167 ἀνάγκη.
1004 2097 1146 2166 χειρὶ
1174 2091 1227 2148 δ’
1259 2099 1308 2148 εί
1330 2092 1502 2163 μηδὲν
1527 2093 1764 2159 σθένεις,

400 2181 519 2238 ἀλλ’
551 2174 655 2237 οὖν
680 2182 1007 2252 ἐπεγκέλευέ
1027 2178 1081 2250 γ’
1100 2223 1113 2250 ,
1145 2176 1215 2243 ῶς
1243 2176 1516 2247 εὐψυχίαν

399 2274 580 2339 φίλων
607 2273 926 2336 κελευσμοῖς
951 2277 1089 2319 τοῖσι
1115 2275 1229 2327 σοῖς
1253 2261 1600 2333 κτησώμεθα.

210 2361 326 2409 ΧΟ.
399 2352 584 2424 δράσω
609 2349 750 2406 τάδ’.
778 2353 837 2406 ἐν
863 2355 939 2424 τῷ
963 2350 1110 2420 Καρὶ
1135 2346 1590 2415 κινδυνεύσομεν.

401 2435 790 2507 κελευσμάτων
815 2432 866 2490 δ’
899 2438 1050 2490 ἕκατι
1075 2433 1340 2503 τυφέσθω
1366 2430 1633 2493 Κύκλωψ.
1787 2440 1867 2482 655

404 2520 466 2576 ἰῶ
495 2521 576 2590 ἰῶ,

403 2602 744 2677 γενναιότατ’
775 2601 1001 2673 ῶθεῖτε,
1029 2603 1310 2657 σπεύδετε.

402 2694 646 2745 ἐκκαίετε
672 2688 772 2759 τὴν
799 2685 987 2759 ὀφρὺν

400 2773 575 2846 θηρὸς
599 2779 695 2828 τοῦ
721 2777 1024 2839 ξενοδαίτα.

399 2855 595 2924 τύφετ’
626 2850 693 2925 ῶ,
722 2855 893 2912 καίετ’
924 2850 968 2911 ῶ
