2018 3117
103 492 238 542 TEI.

774 90 1148 138 ΦΟΙΝΙΣΣΑΙ

285 230 392 303 ἤδη
418 230 555 304 πρὸς
579 228 753 302 ἀλκὴν
773 227 1053 301 Ἐτεοκλῆς
1076 237 1382 303 Μυκηνίδα
1398 251 1409 261 ·

287 318 404 387 ἐμοὶ
431 313 485 371 δ’
513 312 797 371 ἐπέσταλκ’
826 318 1091 385 ἐκμαθεῖν
1117 319 1285 373 σέθεν
1309 315 1471 389 πάρα,

287 406 346 455 τί
367 405 606 473 δρῶντες
630 395 699 454 ἂν
722 399 951 470 μάλιστα
977 399 1252 472 σώσαιμεν
1277 401 1454 458 πόλιν.

280 482 621 549 Ἐτεοκλέους
646 484 747 554 μὲν
781 488 947 540 εἵνεκ’
988 479 1056 539 ἂν
1080 486 1280 557 κλῄσας
1323 483 1494 556 στόμα

1648 88 1748 140 427

1664 497 1746 542 865

282 566 558 641 χρησμοὺς
583 570 838 638 ἐπέσχον·
866 570 949 623 σοὶ
976 565 1031 623 δ’
1038 572 1196 638 ,ἐπει
1218 569 1428 642 χρηζεις
1455 578 1675 640 μαθεῖν,

281 656 432 720 λέξω
458 665 616 708 νοσεῖ
634 650 737 723 γὰρ
763 649 863 722 ἥδε
887 658 957 723 γῆ
982 653 1174 724 παλαι,
1200 656 1399 725 Κρέον,

282 741 335 804 ἐξ
361 738 427 794 οὐ
453 735 727 807 ’τεκνώθη
761 736 928 801 Λάιος
952 743 1047 810 βιά
1070 745 1224 793 θεῶν

279 822 443 877 πόσιν
466 818 516 876 τ’
546 826 718 891 ἔφυσε
742 822 905 891 μητρὶ
926 823 1122 890 μέλεον
1150 827 1449 878 Οἰδίπουν·

281 911 344 961 αἴ
361 903 422 961 θ’
453 906 760 975 αἱματωποὶ
785 905 1106 974 δεργμάτων
1132 908 1438 977 διαφθοραὶ

279 996 433 1046 θεῶν
457 989 699 1060 σόφισμα
724 986 1027 1055 κάπίδειξις
1057 987 1289 1045 Ἑλλάδι.

280 1098 313 1130 α
338 1073 690 1145 συγκαλυψαι
715 1078 906 1138 παῖδες
934 1077 1173 1129 Οἰδίπου
1197 1075 1376 1149 χρόνω

279 1158 588 1260 χρῄζοντες,
617 1181 688 1224 ως
722 1157 789 1229 δὴ
818 1156 986 1223 θεους
1014 1155 1551 1231 υπεκδραμούμενοι,

281 1241 528 1315 ἥμαρτον
553 1240 808 1314 ἆμα-θως·
840 1239 968 1298 οὔτε
992 1242 1095 1316 γὰρ
1124 1246 1258 1315 γέρα
1283 1246 1447 1315 πατρι

282 1325 402 1383 οὔτ’
433 1331 621 1394 ἐξοδον
646 1327 894 1393 διδόντες
918 1325 1095 1399 ανδρα
1121 1333 1364 1399 δυστυχῆ

279 1415 642 1484 ἐξηγρίωσαν·
670 1415 729 1467 ἐκ
759 1409 810 1467 δ’
844 1410 1067 1468 ἔπνευσ’
1097 1410 1283 1478 αὐτοῖς
1317 1410 1450 1485 ἀρὰς

279 1495 463 1562 δεινὰς
487 1502 669 1552 νοσῶν
691 1519 749 1552 τε
773 1498 865 1552 καὶ
888 1495 1023 1567 πρὸς
1045 1494 1420 1569 ἠτιμασμένος.

279 1579 393 1653 ἆγε-ὸ
426 1587 484 1636 τί
508 1578 573 1636 οὐ
600 1586 778 1653 δρῶν,
806 1594 936 1637 ποῖα
961 1579 1013 1636 δ’
1041 1579 1107 1637 οὐ
1138 1584 1313 1652 λέγων
1339 1588 1458 1653 ἔπη,

279 1672 354 1732 εἰς
379 1672 540 1737 ἔχθος
564 1657 742 1736 ἦλθον
766 1667 916 1721 παισὶ
945 1679 1120 1721 τοῖσιν
1150 1671 1402 1722 Οἰδίπου.

278 1750 441 1822 ἐγγὺς
468 1750 529 1806 δὲ
553 1755 794 1816 θάνατος
819 1748 1071 1823 αὐτόχειρ
1098 1749 1310 1822 αὐτοῖς,
1335 1752 1544 1822 Κρέον’

276 1836 469 1890 πολλοὶ
495 1835 556 1890 δὲ
584 1837 774 1905 νεκροὶ
798 1837 923 1907 περὶ
947 1848 1162 1906 νεκροῖς
1186 1834 1527 1903 πεπτωκότες

274 1915 490 1992 Ἀργεῖα
513 1921 605 1974 καὶ
627 1924 878 1990 Καδμεῖα
902 1923 1150 1991 μίξαντες
1174 1922 1305 1992 βέλη

274 2026 505 2077 πικρους
527 2003 692 2075 γόους
716 2004 956 2060 δώσουσι
985 2011 1199 2078 Θηβαία
1220 2011 1401 2076 χθονί.

275 2087 346 2144 σύ
370 2086 418 2143 τ’
449 2111 490 2143 ω
516 2087 746 2144 ταλαινα
770 2108 1243 2160 συγκατασκαπτει
1268 2089 1413 2154 πόλι7

277 2178 328 2228 εἰ
349 2171 421 2245 μὴ
452 2172 635 2245 λόγοις
660 2196 739 2239 τις
762 2186 874 2239 τοῖς
898 2176 1073 2245 ἐμοῖσι
1096 2180 1356 2230 πείσεται.

279 2261 454 2314 ἐκεῖνο
481 2282 582 2329 μεν
609 2256 712 2330 γὰρ
741 2280 962 2329 πρωτον
985 2260 1081 2330 ἠν,
1110 2282 1221 2313 των
1250 2263 1486 2314 Οἰδίπου

275 2347 485 2414 μηδένα
511 2349 741 2413 πολίτην
765 2341 894 2414 μηδ’
925 2341 1117 2398 ἄνακτ’
1147 2343 1287 2398 εἶναι
1311 2342 1528 2412 χθονός,

276 2424 348 2492 ὡς
373 2431 750 2496 δαιμονῶντας
773 2425 1215 2497 κάνατρέψοντας
1239 2429 1417 2482 πόλιν.

273 2512 390 2566 ἐπεὶ
420 2511 480 2566 δὲ
508 2524 764 2583 κρεῖσσον
789 2510 848 2566 τὸ
874 2511 1046 2566 κακόν
1068 2514 1181 2567 ἐστι
1205 2507 1474 2582 τάγαθοῦ,

273 2592 354 2666 μί’
384 2601 532 2651 ἔστιν
555 2593 689 2667 ἄλλη
714 2594 925 2667 μηχανὴ
952 2601 1238 2667 σωτηρίας.

274 2676 395 2734 ἀλλ’
425 2677 492 2734 οὐ
517 2678 621 2751 γὰρ
653 2685 829 2735 εἰπεῖν
856 2676 976 2734 οὔτ’
1007 2681 1125 2751 ἐμοὶ
1149 2676 1266 2735 τόδ’
1297 2677 1539 2751 ἀσφαλὲς

275 2763 475 2835 πικρόν
503 2787 561 2820 τε
585 2777 725 2819 τοῖσι
750 2763 851 2835 τὴν
873 2762 1044 2835 τύχην
1068 2766 1416 2835 κεκτημένοις

271 2846 427 2904 πόλει
451 2861 751 2921 παρασχεῖν
775 2847 1070 2920 φάρμακον
1093 2854 1379 2920 σωτηρίας.

1662 918 1745 963 870

1659 1340 1742 1386 875

1655 1763 1740 1808 880

1654 2186 1735 2229 885

1652 2607 1736 2651 890
