2018 3117
167 99 267 150 350

807 96 1158 143 ΤΡΩΙΑΔΕΣ

360 240 450 295 ε’πὶ
471 235 601 302 τοὺς
626 240 733 291 αἰεὶ
759 239 1022 307 δακρύων
1049 238 1290 306 ἐλέγους.

359 328 537 395 μοῦσα
564 320 625 377 δὲ
647 317 824 392 χαῦτη
850 331 962 384 τοῖς
987 308 1278 391 δυστήνοις

363 406 491 472 ἄτας
514 409 770 461 κελαδεῖν
794 401 1143 474 ἀχορεύτους.

363 497 579 566 πρῷραι
607 495 759 546 ναι-ὄν
786 485 990 559 ὠκεῖαι,

346 575 515 635 Ἴλιον
539 573 690 647 ἱερὸν
715 579 776 630 αἳ
796 572 1003 637 κώπαις

369 659 444 719 δι’
477 658 580 717 ἅλα
610 659 1024 730 πορφυροειδέα
1048 657 1140 712 καὶ
1165 657 1388 728 λιμένας

357 745 611 811 Ἑλλάδος
638 742 909 816 εὐόρμους

363 830 552 889 αὐλῶν
577 835 767 886 παιᾶνι
793 833 1009 903 στυγνῷ

368 922 650 988 συρίγγων
673 911 720 970 τ’
755 909 1094 984 εὐφθόγγων
1121 923 1332 983 φωναῖς

367 1007 662 1075 βαίνουσαι
688 996 928 1054 πλεκτὰν
956 996 1246 1068 Αἰγύπτου

369 1090 626 1143 παιδείαν
650 1079 1032 1154 ἐξηρτήσασθ’,

373 1177 514 1242 αἰαῖ,
550 1174 746 1240 Τροίας
771 1169 830 1221 ἐν
855 1167 1080 1231 κόλποις

369 1255 468 1312 τὰν
493 1252 789 1311 ,Μενελάου
814 1248 1269 1322 μετανισσόμεναι

370 1338 614 1413 στυγνὰν
640 1336 866 1407 ἄλοχον,
893 1336 1134 1407 Κάστορι
1163 1333 1349 1406 λώβαν

370 1432 444 1500 τῷ
469 1423 516 1480 τ’
546 1422 783 1497 Εὐρώτᾳ
809 1425 1126 1489 δυσκλείαν,

371 1507 405 1566 ἃ
429 1510 621 1581 σφάζει
645 1511 744 1582 μὲν

371 1594 468 1651 τὸν
495 1592 816 1667 πεντήκοντ’
847 1591 1085 1665 ἀροτῆρα
1113 1591 1322 1645 τέκνων

372 1686 654 1751 Πρίαμον,
680 1682 776 1751 ε’μέ
798 1702 856 1735 τε
883 1678 1082 1748 μελέαν
1102 1671 1336 1745 Ἑκάβαν

373 1771 448 1829 εἰς
473 1763 628 1821 τάνδ’
658 1760 897 1831 ἐξώκειλ’
927 1759 1078 1817 ἄταν.

377 1847 513 1921 ὤμοι
537 1849 749 1915 θάκους
772 1854 921 1912 οἴους
945 1845 1135 1902 θάσσω

373 1949 598 2005 σκηναῖς
623 1939 854 2006 ἔφεδρος
882 1932 1348 2003 Ἀγαμεμνονίαις.

375 2020 545 2075 δούλα
571 2017 621 2075 δ’
656 2018 855 2091 ἄγομαι
879 2022 1052 2091 γραῦς
1076 2017 1127 2081 ἐξ
1153 2021 1338 2082 οἴκων,

373 2111 551 2177 κουρᾷ
575 2107 800 2176 ξυρήκει
823 2100 1077 2172 πενθήρη

373 2186 528 2259 κρᾶτ’
559 2183 956 2260 ἐκπορθηθεῖσ’
986 2189 1229 2255 οἰκτρῶς.

374 2271 494 2329 ἀλλ’
526 2265 569 2329 ὦ
593 2279 702 2329 τῶν
725 2272 1068 2343 χαλκεγχέων
1100 2266 1305 2338 Τρώων

374 2356 558 2429 ἄλοχοι
583 2359 769 2430 μέλεαι
794 2358 885 2413 καὶ
913 2360 1258 2425 δύσνυμφοι,

377 2443 604 2514 τύφεται
622 2439 792 2499 Ἴλιον
806 2487 819 2513 ,
847 2441 1113 2510 αἰάζωμεν
1127 2454 1137 2465 ·

376 2528 550 2599 μάτηρ
579 2532 611 2583 δ
619 2525 632 2546 '
666 2524 795 2583 ὡσεὶ
818 2538 1042 2589 πτανοῖς
1066 2519 1312 2593 κλαγγὰν

378 2609 598 2682 ὄρνισιν
623 2609 769 2677 ὅπως
798 2612 997 2681 ἐξάρξω
1017 2604 1116 2682 ’γώ

377 2695 592 2767 μολπὰν
618 2694 684 2752 οὐ
710 2696 811 2752 τὰν
837 2693 1012 2752 αὐτὰν

382 2785 505 2837 οἵαν
534 2781 663 2836 ποτε
689 2780 756 2852 δὴ

375 2865 632 2941 σκήπτρῳ
655 2865 912 2937 Πριάμου
938 2864 1315 2936 διερειδομένα

1748 330 1829 376 120

1754 752 1834 797 125

1758 1176 1839 1219 130

1755 1598 1840 1644 135

1760 2017 1841 2059 140

1757 2446 1845 2494 145
