2018 3117
27 2204 56 2296 LV*

70 2237 87 2249 ἰ

186 108 283 159 146

182 256 337 305 ΠΑΙ.

183 341 295 390 KP.

185 424 340 474 ΠΑΙ.

186 511 295 560 ΚΡ.

192 593 340 643 ΠΑΙ.

195 679 297 728 ΚΡ.

187 763 340 812 ΠΑΙ.

189 849 298 897 KP.

193 932 344 982 HAI.

196 1018 244 1066 K
245 1018 299 1066 P.

197 1102 343 1153 ΠΑΙ.

197 1188 302 1237 ΚΡ.

197 1272 345 1321 ΠΑΙ.

203 1357 303 1406 KP.

200 2205 354 2257 ΠΑΙ.

961 105 1096 151 ΙΩΝ

374 254 449 313 εἰς
475 272 536 304 εν
562 247 622 302 δε
646 240 900 316 κραθέντ’
929 240 1101 299 αὐτὸν
1125 240 1161 314 ἢ
1184 244 1349 313 χωρὶς
1375 256 1594 314 φορεῖς·
1579 287 1593 312 ,

372 339 565 405 χωρίς·
593 336 744 404 κακῷ
770 327 874 402 γὰρ
902 327 1110 384 ε’σθ2ὸν
1135 326 1200 383 οὐ
1228 334 1620 399 συμμίγνυται.

375 419 416 473 ῶ
446 416 676 518 φιλτάτη
704 427 827 484 παῖ,
855 411 1014 469 πάντ’
1046 419 1183 483 ἑχεις
1208 409 1356 467 όσων
1381 430 1442 468 σε
1469 417 1568 468 δεῖ.

372 502 548 575 τούτῳ
572 509 827 555 θανεῖται
851 512 1002 563 παῖς·
1030 497 1100 553 σὺ
1128 494 1235 553 δ’ὁ
1264 503 1498 552 κτείνων
1524 503 1651 554 ἔσει.

375 593 482 642 ποῦ
518 587 610 641 καὶ
634 590 691 640 τί
714 585 946 655 δρασας·
934 627 946 649 ,
983 582 1083 638 σὸν
1119 584 1330 653 λέγειν,
1359 588 1564 652 τολμᾶν
1590 580 1641 638 δ’
1673 583 1822 656 ἐμόν.

376 675 435 727 ἐν
460 684 576 735 ταῖς
602 667 862 740 Ἀθήναις
877 712 890 738 ,
918 666 1056 739 δῶμ’
1088 665 1222 723 ὅταν
1245 664 1454 737 τούμὸν
1479 667 1636 738 μόλῃ.
1738 682 1840 724 1021

375 753 477 812 οὐκ
506 756 568 811 εὐ
593 751 712 810 τόδ’
745 754 921 818 εἶπας·
951 777 1043 808 και
1068 771 1137 807 συ
1165 776 1254 822 γα
1239 775 1268 806 ο
1296 748 1502 821 τούμὸν
1526 755 1730 822 ψέγεις.

378 847 520 905 πῶς·
509 884 520 906 ,
549 832 638 910 αρ’
670 836 906 895 ὑπείδου
932 835 1095 893 τοῦθ’
1135 834 1165 891 ὃ
1190 834 1317 907 καμ’
1354 837 1658 905 ἐσέρχεται;

382 924 452 981 σὺ
481 929 650 980 παῖδα
677 924 852 991 δόξεις
877 925 1147 992 διολέσαι,
1178 927 1265 977 κεί
1287 920 1358 992 μὴ
1385 933 1612 985 κτενεῖς.

380 1007 593 1081 ὀρθῶς·
623 1019 863 1080 φθονεῖν
889 1007 991 1079 γάρ
1020 1025 1155 1079 φασι
1181 1004 1448 1077 μητρυιὰς
1475 1008 1702 1071 τέκνοις.
1743 1019 1850 1062 1025

382 1092 556 1150 αὐτοῦ
582 1118 690 1150 νυν
716 1091 888 1149 αὐτὸν
914 1090 1107 1161 κτεῖν’,
1137 1089 1215 1146 ἵν’
1249 1088 1478 1161 ἀρνήσει
1503 1090 1730 1161 φόνους.

383 1179 722 1251 προλάζυμαι
747 1184 886 1250 γοῦν
911 1183 983 1249 τῷ
1011 1176 1189 1250 χρόνῳ
1216 1182 1308 1246 τῆς
1334 1172 1555 1245 ἡδονῆς.

383 1266 475 1319 καὶ
500 1264 600 1320 σόν
626 1287 687 1334 γε
713 1264 894 1333 λήσεις
919 1261 1082 1318 πόσιν
1108 1258 1142 1315 ἅ
1166 1278 1226 1315 σε
1251 1259 1480 1315 σπεύδει
1506 1266 1721 1315 λαθεῖν.

381 1347 530 1405 οἷσθ’
561 1342 666 1404 οὖν
692 1345 721 1404 ὃ
749 1353 982 1415 δρᾶσον;
1008 1344 1187 1416 χειρὸς
1213 1347 1263 1411 ἐξ
1296 1347 1424 1415 ἐμῆς
1451 1344 1639 1416 λαβὼν

383 1431 628 1505 χρύσωμ’
653 1432 890 1497 Ἀθανας
916 1431 1067 1501 τόδε,
1095 1428 1333 1485 παλαιὸν
1359 1427 1618 1500 ὄργανον,
1742 1442 1858 1486 1030

386 1517 570 1575 ε’λθῶν
594 1517 667 1574 ἵν’
700 1516 828 1589 ἡμῖν
852 1524 1128 1588 βουθυτεῖ
1149 1516 1333 1588 λάθρα
1359 1514 1531 1582 πόσις,

389 1609 633 1659 δείπνων
658 1600 790 1658 ὅταν
814 1602 1019 1673 λήγωσι
1044 1602 1135 1655 καὶ
1161 1598 1402 1663 σπονδὰς
1426 1607 1578 1663 θεοῖς

386 1692 622 1760 μέλλωσι
648 1694 882 1758 λείβειν,
910 1689 970 1741 ἐν
993 1690 1215 1749 πέπλοις
1241 1690 1379 1754 ἔχων
1403 1683 1527 1738 τόδε

388 1774 558 1838 κάθες
583 1772 770 1844 βαλῶν
797 1777 872 1835 εἰς
897 1777 1057 1841 πῶμα
1083 1776 1155 1843 τῷ
1182 1775 1394 1842 νεανία,

387 1859 620 1932 [ι’δίαὸέ,
641 1857 714 1928 μή
739 1880 788 1912 τι
813 1861 971 1925 πᾶσι,
999 1861 1236 1925 χωρίσας
1261 1852 1452 1926 ποτὸν]
1746 1865 1855 1908 1035

388 1949 462 2016 τῷ
489 1948 600 1996 τῶν
625 1945 771 2012 ε’μῶν
800 1943 1053 2012 μέλλοντι
1078 1938 1361 2006 δεσπόζειν
1394 1938 1597 2009 δόμων.

393 2024 601 2097 κᾶνπερ
630 2028 825 2098 διέλθῃ
855 2024 1078 2096 λαιμόν,
1107 2021 1313 2080 οὔποθ’
1354 2027 1521 2090 ἵξεται

391 2110 609 2176 κλεινὰς
640 2109 903 2181 Ἀθήνας,
930 2107 1227 2165 κατθανών
1253 2105 1306 2163 δ’
1337 2105 1510 2164 αὐτοῦ
1537 2118 1706 2177 μενεῖ.

388 2195 457 2252 σὺ
483 2199 583 2267 μέν
608 2220 714 2251 νυν
741 2206 866 2250 εισω
894 2195 1174 2260 ποοξένων
1199 2195 1365 2264 μέθες
1393 2192 1559 2248 πόδα

395 2280 546 2353 ημεῖς
578 2278 629 2336 δ’
665 2278 756 2351 ἐφ’
791 2272 836 2333 ῶ
861 2275 1151 2350 τεταγμεθ’
1188 2277 1581 2348 ἐκπονήσομεν.
1745 2287 1862 2331 1040

397 2364 485 2437 αγ’
495 2409 507 2436 ,
537 2358 580 2421 ῶ
603 2388 827 2436 γεραιε
814 2364 950 2428 πούς
966 2408 979 2433 ,
1007 2367 1228 2425 νεανίας
1255 2368 1421 2432 γενοῦ

394 2458 627 2522 ἔργοισι,
655 2456 743 2506 κεί
763 2449 835 2521 μὴ
862 2455 935 2503 τῶ
960 2448 1137 2522 χρόνω
1163 2447 1395 2516 παρεστί
1416 2464 1519 2501 σοι.

395 2534 600 2605 ἐχθρὸν
627 2532 677 2590 δ’
708 2533 793 2590 ἐπ’
825 2508 1001 2602 ἄνδρα
1028 2545 1203 2602 στεῖχε
1228 2536 1513 2586 δεσποτῶν
1537 2531 1687 2601 μέτα,

395 2622 487 2674 καὶ
512 2619 830 2690 συμφόνευε
856 2619 1281 2686 καὶσυνεξαίρει
1307 2615 1507 2687 δόμων.

397 2703 497 2774 τὴν
523 2701 574 2759 δ’
606 2702 892 2774 εὐσέβειαν
919 2699 1212 2772 εὐτυχοῦσι
1235 2700 1335 2771 μὲν
1359 2697 1530 2755 καλὸν
1752 2710 1863 2752 1045

312 2848 333 2866 ἱ,
397 2794 585 2860 τιμᾶν·
613 2785 746 2843 ὅταν
774 2787 835 2842 δὲ
862 2793 1156 2858 πολεμίους
1183 2790 1381 2855 δρᾶσαι
1405 2789 1586 2849 κακῶς

311 2876 358 2914 7⁸0
397 2876 537 2946 θέλῃ
561 2896 668 2943 τις,
697 2869 880 2937 οὐδεὶς
907 2869 1161 2941 ἐμποδῶν
1184 2882 1358 2925 κεῖται
1382 2868 1561 2941 νόμος.
