2018 3117
261 99 368 150 386

269 419 385 468 XO.

278 1352 392 1401 TA.

283 2371 394 2425 ΕΚ.

897 96 1025 144 ΤΡΩ,
1033 98 1249 143 ΙΑΔΕΣ

463 245 513 297 εἰ
535 243 817 295 πλουσίων
842 260 922 301 τις
946 237 1192 304 τεύξεται
1216 233 1604 309 κτερισμάτων·

460 322 628 381 κενὸν
653 323 714 378 δὲ
739 318 989 393 γαύρωμ’
1022 324 1136 378 ἐστὶ
1161 328 1272 378 τῶν
1297 321 1516 390 ζῶντων
1541 322 1683 378 τόδε.
1819 335 1930 377 1250

455 408 518 465 ἰῶ
551 406 615 464 ἰῶ
632 427 642 437 ·

459 495 624 566 μελέα
652 492 854 564 μήτηρ,
885 489 920 563 ἢ
944 491 1038 558 τὰς
1063 492 1300 564 μεγάλας

462 582 687 642 ἐλπίδας
712 581 770 633 ἐν
795 578 882 634 σοὶ
908 579 1221 649 κατέκαμψε
1246 583 1390 649 βίου.

462 666 600 735 μέγα
625 660 678 718 δ’
710 661 995 735 ὀλβισθεὶς
1021 660 1092 728 ῶς
1119 666 1177 718 ἐκ
1203 664 1456 735 πατέρων

462 746 693 820 ἀγαθῶν
724 750 934 820 ἐγένου,

461 838 494 889 δ
499 838 628 908 εινῷ
652 833 878 908 θανάτῳ
905 831 1189 898 διόλωλας.
1828 843 1934 885 1255

464 925 524 975 ἔα
550 924 635 974 ἔα·

463 1010 616 1068 τίνας
638 1001 859 1058 Ἰλιάσιν
884 1000 1062 1058 ταῖσδ’
1094 1006 1153 1058 ἐν
1180 1015 1453 1075 κορυφαῖς

464 1088 678 1144 λεύσσω
706 1089 942 1159 φλογέας
970 1092 1183 1144 δαλοῖσι
1206 1089 1366 1159 χέρας

464 1175 873 1244 διερέσσοντας;
903 1174 1088 1243 μέλλει
1119 1179 1290 1246 Τροίᾳ

463 1257 659 1315 καινόν
684 1281 735 1312 τι
760 1255 933 1313 κακὸν
961 1259 1345 1329 προσέσεσθαι.

463 1341 616 1400 αὐδῶ
644 1350 923 1414 λοχαγοῖς,
955 1349 1011 1398 οἳ
1032 1341 1254 1414 τέταχθ’
1290 1342 1665 1411 ἐμπιμπράναι
1826 1352 1938 1397 1260

464 1428 723 1501 Πριάμου
749 1425 864 1483 τόδ’
897 1425 1061 1498 ἄστυ,
1090 1425 1276 1499 μηκέτ’
1309 1425 1593 1499 ἀργοῦσαν
1618 1424 1799 1496 φλόγα

466 1519 525 1571 ἐν
548 1515 701 1585 χερσὶ
724 1513 941 1582 σώζειν,
971 1510 1108 1568 ἀλλὰ
1131 1520 1243 1585 πῦρ
1270 1515 1492 1582 ἐνιέναι,

470 1597 541 1664 ῶς
571 1595 640 1654 ἂν
664 1598 1111 1664 κατασκάψαντες
1131 1595 1293 1654 Ἰλίου
1318 1597 1482 1654 πόλιν

465 1681 801 1755 στελλώμεθ’
834 1680 1015 1739 οἴκαδ’
1050 1682 1277 1754 ἅσμενοι
1308 1688 1505 1755 Τροίας
1529 1677 1650 1736 ἄπο.

467 1767 623 1841 ὑμεῖς
650 1767 725 1840 δ’,
758 1766 832 1824 ἵν’
863 1765 1028 1833 αὑτὸς
1052 1767 1210 1839 λόγος
1237 1773 1328 1840 ἔχῃ
1353 1764 1570 1839 μορφὰς
1596 1764 1716 1835 δύο,
1830 1777 1937 1821 1265

464 1867 690 1926 χωρεῖτε
722 1853 928 1958 Τρῶων
952 1858 1169 1923 παῖδες,
1203 1851 1407 1923 ὀρθίαν
1432 1848 1565 1908 ὅταν

467 1940 765 2012 σαλπιγγος
792 1939 930 2010 ἠχὴν
957 1942 1130 1993 δῶσιν
1157 1941 1378 2011 αρχηγοὶ
1404 1943 1669 2009 στρατοῦ,

468 2023 604 2096 πρὸς
628 2030 766 2089 ναῦς
783 2022 1043 2095 Ἀχαιῶν,
1071 2020 1143 2089 ῶς
1169 2021 1582 2093 αποστέλλησθε
1604 2025 1718 2090 γῆς.

469 2109 539 2165 σύ
563 2106 623 2179 τ,
645 2117 684 2163 ω
712 2107 905 2181 γεραιὰ
931 2108 1336 2179 δυστυχεστατη
1368 2108 1550 2179 γύναι,

473 2197 624 2250 ἕ.που
651 2193 997 2264 μεθ’ήκουσιν
1021 2190 1073 2248 σ’
1096 2191 1404 2257 Οδυσσέως
1429 2191 1576 2263 πάρα
1834 2201 1941 2245 1270

469 2276 598 2349 οἵδ’,
627 2270 670 2353 ᾦ
695 2296 756 2334 σε
782 2277 992 2348 δούλην
1017 2283 1215 2349 κλῆρος
1240 2279 1503 2348 ἐκπέμπει
1526 2273 1746 2347 χθονός.

466 2368 522 2419 οἲ
541 2361 641 2435 ’γῶ
670 2363 923 2419 τάλαινα·
951 2368 1111 2418 τοῦτο
1137 2360 1204 2433 δὴ
1231 2360 1289 2417 τὸ
1316 2368 1570 2418 λοίσθιον

470 2450 563 2504 καὶ
587 2450 756 2519 τέρμα
785 2470 1009 2504 παντων
1027 2439 1168 2519 ἦλθε
1192 2453 1303 2502 τῶν
1329 2450 1475 2518 ἐμῶν
1500 2450 1712 2502 κακῶν·

470 2536 638 2604 ἑξειμι
645 2537 926 2639 ῗπατριδος
938 2577 951 2604 ,
981 2532 1136 2598 πόλις
1161 2554 1471 2603 υφαπτεται
1499 2536 1651 2603 πυρί.

470 2615 591 2673 ἀλλ’
622 2619 662 2673 ῶ
689 2641 875 2690 γεραιε
899 2617 1063 2688 πούς,
1089 2620 1422 2674 ἐπίσπευσον
1447 2615 1619 2688 μόλις,
1835 2624 1943 2670 1275

473 2700 545 2768 ῶς
570 2700 894 2774 ἀσπάσωμαι
917 2701 1017 2775 τὴν
1042 2708 1389 2774 ταλαίπωρον
1414 2701 1594 2758 πόλιν.

473 2790 514 2842 ῶ
544 2788 753 2859 μεγαλα
778 2787 848 2859 δή
872 2786 993 2844 ποτ’
1022 2788 1360 2859 ἐμπρέπουσ’
1393 2789 1453 2841 ἐν
1479 2788 1780 2855 βαρβάροις

477 2871 758 2944 Τροία,τό
785 2870 1049 2928 κλεινόν’
1032 2870 1189 2944 ὄνομ’
1219 2870 1517 2946 αφαιρήσει
1542 2893 1690 2942 ταχα.
