2018 3117
235 263 340 312 ΟΡ.

234 517 353 567 HA.

241 687 344 736 ΟΡ.

237 857 356 906 ΗΛ.

243 1027 347 1075 OP.

241 1197 360 1246 HA.

244 1367 349 1416 ΟΡ.

884 113 1201 160 ΟΡΕΣΤΗΣ

422 248 466 310 ὦ
489 261 686 327 μῆτερ,
716 252 942 309 ἱκετεύω
968 270 1056 322 σε,
1082 251 1153 323 μὴ
1182 249 1384 308 ’πίσειέ
1402 276 1495 324 μοι

422 339 516 404 τὰς
543 336 894 410 αἱματωποὺς
919 339 1012 392 καὶ
1036 336 1439 408 δρακοντώδεις
1462 338 1646 410 κόρας.

427 418 607 489 [αὗται
626 422 730 492 γὰρ
746 415 910 475 αὗται
927 428 1160 494 πλησίον
1183 421 1512 493 θρώσκουσί
1531 429 1677 493 μου.]

421 507 563 581 μέν’,
592 510 633 563 ώ
660 505 982 577 ταλαίπωρ’,
1010 505 1213 578 ἀτρέμα
1238 520 1353 571 σοῖς
1378 510 1437 562 ἐν
1462 512 1722 577 δεμνίοις.

425 592 557 667 ὁρᾷς
580 592 684 664 γὰρ
710 590 877 648 οὐδὲν
902 584 981 647 ὧν
1006 597 1187 657 δοκεῖς
1212 589 1346 663 σάφ’
1378 594 1600 647 εἰδέναι.

426 672 469 734 ὦ
495 676 678 750 Φοῖβ’,
707 675 1080 733 ἀποκτενοῦσί
1099 675 1155 749 μ’
1185 682 1246 732 αἱ
1265 676 1577 741 κυνώπιδες

426 770 710 836 γοργῶπες
736 765 942 835 ἐνέρων
969 767 1161 834 ίερίαι,
1189 764 1370 818 δειναὶ
1394 768 1542 817 θεαί.

427 846 581 905 οὔτοι
605 848 859 920 μεθήσω·
886 861 1041 920 χεῖρα
1067 845 1117 903 δ’
1147 844 1439 919 ἐμπλέξασ’
1475 846 1611 918 ἐμὴν

431 934 613 1005 σχήσω
640 953 701 990 σε
727 938 911 1005 πηδᾶν
938 938 1181 1003 δυστυχῆ
1207 933 1512 1004 πηδήματα.

427 1022 620 1091 μέθες·
648 1016 729 1090 μί’
760 1011 900 1073 οὖσα
926 1025 1036 1073 τῶν
1062 1021 1208 1089 ἐμῶν
1226 1015 1496 1089 Ἐρινύων

428 1107 598 1176 μέσον
626 1102 681 1175 μ’
713 1101 983 1174 ὀχμάζεις,
1013 1100 1084 1167 ὡς
1109 1103 1280 1175 βάλῃς
1310 1109 1385 1167 εἰς
1416 1103 1718 1175 Τάρταρον.

429 1194 484 1245 οἲ
509 1187 607 1260 ’γω
635 1189 888 1257 τάλαινα,
916 1186 1021 1243 τίν’
1054 1191 1381 1258 ἐπικουρίαν
1406 1187 1574 1259 λάβω,

431 1276 549 1330 ἐπεὶ
572 1272 632 1329 τὸ
659 1283 818 1329 θεῖον
844 1273 1111 1344 δυσμενὲς
1136 1273 1476 1344 κεκτήμεθας

431 1358 525 1424 δὸς
551 1359 676 1426 τόξα
701 1382 793 1430 μοι
817 1359 1117 1429 κερουλκά,
1146 1363 1297 1429 δῶρα
1319 1361 1540 1428 Λοξίου,

430 1440 510 1509 οἷς
535 1442 592 1515 μ’
625 1442 732 1500 εἶπ’
756 1441 1037 1499 Ἀπόλλων
1061 1443 1438 1515 ἐξαμύνασθαι
1462 1446 1624 1513 θεάς,

435 1538 488 1585 εἴ
506 1527 563 1601 μ’
596 1533 891 1601 ἐκφοβοῖεν
917 1529 1177 1600 μανιάσιν
1204 1528 1564 1599 λυσσήμασιν.

431 1616 763 1688 βεβλήσεταί
782 1638 861 1678 τις
889 1620 1041 1669 θεῶν
1067 1619 1331 1686 βροτησίᾳ
1354 1618 1489 1684 χερί,

438 1707 488 1756 ει’
508 1699 580 1772 μὴ
600 1699 868 1772 ’ςαμείψει
898 1701 1062 1769 χωρὶς
1087 1696 1343 1770 ὀμμάτων
1368 1701 1530 1768 ἐμῶν.

436 1784 537 1842 οὐκ
566 1782 900 1850 εἰσακούετ’;
929 1782 1029 1854 οὐχ
1054 1781 1219 1855 ὁρᾶθ’
1251 1782 1532 1854 ἑκηβόλων

435 1872 606 1937 τόξων
633 1868 908 1943 πτερωτὰς
934 1874 1210 1941 γλυφίδας
1234 1869 1639 1939 ἐξορμωμέναςς

438 1949 471 2011 ἆ
497 1949 555 2010 ἆ·

439 2047 496 2096 τί
517 2045 652 2112 δῆτα
677 2038 922 2112 μέλλετ’;
951 2037 1240 2108 ἐξακρίζετ’
1271 2040 1470 2109 αἰθέρα

439 2139 684 2198 πτεροῖς·
711 2124 776 2180 τὰ
803 2131 1017 2195 Φοίβου
1043 2122 1094 2179 δ’
1125 2129 1380 2179 αἰτιᾶσθε
1406 2124 1677 2192 θέσφατα.

443 2235 504 2267 εα
521 2229 531 2240 ·

442 2302 499 2351 τί
517 2292 680 2367 χρῆμ’
718 2292 896 2364 ἀλύω,
924 2290 1126 2364 πνεῦμ’
1155 2290 1305 2357 άνεὶς
1331 2293 1390 2347 ἐκ
1417 2290 1776 2363 πλευμόνων;

442 2394 539 2437 ποῖ
561 2393 660 2436 ποῖ
678 2377 810 2435 ποθ’
840 2376 1127 2450 ἡλάμεσθα
1153 2383 1395 2449 δεμνίων
1420 2374 1556 2442 ἇπο;

443 2470 502 2523 ἐκ
526 2466 787 2537 κυμάτων
809 2464 914 2536 γὰρ
939 2456 1107 2528 αὖθις
1131 2455 1203 2518 αὖ
1227 2458 1422 2534 γαλήν’
1454 2458 1583 2533 ὁρῶ.

1807 267 1892 312 255

1811 690 1895 735 260

1820 1538 1903 1583 270

1822 2047 1904 2092 275

442 2550 698 2622 σύγγονε,
725 2556 783 2605 τί
801 2555 1008 2613 κλαίεις
1032 2554 1204 2619 κρᾶτα
1228 2544 1373 2603 θεῖσ’
1405 2555 1531 2602 εἴσω
1558 2546 1781 2601 πέπλων
1797 2570 1809 2611 ;
1825 2557 1907 2600 280

446 2635 778 2706 αἰσχύνομαί
818 2655 878 2692 σε
913 2631 1240 2705 μεταδιδοὺς
1267 2632 1455 2688 πόνων
1480 2635 1626 2702 ε’μῶν

446 2716 610 2790 ὄχλον
635 2743 692 2775 τε
717 2723 971 2791 παρέχων
995 2720 1257 2792 παρθένῳ
1282 2717 1468 2782 νόσοις
1491 2719 1659 2787 ἐμαῖς.

444 2804 516 2876 μὴ
543 2809 653 2859 των
677 2808 821 2876 ἐμῶν
847 2808 996 2860 ἕκατι
1022 2803 1298 2874 συντήκου
1323 2808 1537 2857 κακῶν·

442 2888 514 2946 σὺ
538 2889 639 2961 μὲν
663 2889 766 2963 γὰρ
799 2892 1000 2962 ᾔνεσας
1025 2891 1166 2958 τάδ’,
1208 2894 1486 2957 εἴργασται
1514 2886 1564 2939 δ’
1596 2885 1715 2954 ἐμοὶ
