2018 3117
209 85 315 135 322

210 1413 321 1462 PH.

212 1835 321 1884 ΕΚ.

933 89 1072 135 ΡΗΣ
1075 91 1165 136 ΟΣ

405 228 465 283 σὲ
495 227 598 300 γὰρ
627 225 778 293 οὔτις
803 224 1044 293 ὑποστὰς
1783 245 1866 291 375

394 309 640 383 Ἀργείας
663 309 784 367 ποτ’
814 314 874 367 ἐν
892 308 1065 384 ’Ἠρας
1090 314 1349 378 δαπέδοις
1371 315 1650 385 χορεύσει·

401 394 537 451 ἀλλά
565 419 657 451 νιν
687 393 787 453 ἅδε
808 401 880 468 γᾶ

396 485 820 549 καταφθίμενον
846 481 1024 552 Θρῃκὶ
1046 480 1199 555 μόρςο

403 571 671 635 φίλτατον
701 562 874 636 ἄχθος
899 574 1053 622 οἴσει.

402 647 464 704 ἰὼ
498 649 578 704 ι’ώ.
1782 668 1865 712 380

403 735 569 804 μέγας
595 726 640 788 ῶ
669 740 927 806 βασιλεῦ,
959 735 1156 805 καλόν,
1185 726 1228 789 ῶ
1253 735 1459 808 Θρῄκη,

399 818 646 889 σκύμνον
671 824 911 890 ἔθρεψας
940 826 1239 891 πολίαρχον
1266 825 1421 876 ι’δεῖν.

402 908 487 958 ἴδε
514 902 852 973 χρυσόδετον
875 905 1119 976 σώματος
1143 901 1333 976 ἀλκήν,

400 987 534 1042 κλύε
564 989 656 1042 καὶ
685 988 931 1059 κόμπους
959 989 1441 1062 κωδωνοκρότους,

401 1070 548 1141 παρὰ
570 1073 868 1144 πορπάκων
893 1079 1277 1139 κελαδοῦντας.
1780 1090 1863 1134 385

396 1151 551 1227 θεός,
585 1149 628 1210 ῶ
663 1164 859 1227 Τροία,
888 1156 1020 1223 θεὸς
1048 1155 1213 1222 αὐτὸς
1233 1156 1418 1231 ’Ἀρης,

396 1236 424 1295 ὁ
449 1240 795 1311 Στρυμόνιος
822 1248 1001 1308 πῶλος
1026 1239 1219 1298 ἆοιδοῦ

396 1325 631 1396 ιΜούσης
661 1322 813 1397 ἥκων
836 1340 1102 1383 καταπνεῖ
1127 1346 1205 1383 σε.

399 1407 566 1481 χαῖρ’,
597 1410 793 1476 ἐσθλὸς
820 1414 1024 1467 ἐσθλοῦ
1053 1424 1180 1483 παῖ,
1206 1409 1446 1484 τύραννε
1470 1419 1634 1485 τῆσδε
1658 1420 1773 1486 γῆς,

383 1490 579 1566 ’Έκτορ
599 1513 609 1523 ·
639 1502 844 1569 παλαιᾷ
870 1494 924 1552 σ’
954 1494 1127 1571 ἡμέρᾳ
1150 1500 1521 1569 προσεννέπω.

396 1585 567 1651 χαίρω
595 1581 659 1635 δέ
682 1577 734 1636 σ’
772 1578 1109 1653 εὐτυχοῦντα
1132 1584 1224 1637 καὶ
1249 1583 1595 1655 προσήμενον
1774 1596 1858 1640 390

398 1662 695 1735 πύργοισιν
721 1668 965 1738 ἐχθρῶν·
998 1667 1473 1738 συγκατασκάψων
1501 1665 1553 1723 δ’
1586 1666 1690 1739 ἐγῶ

395 1753 543 1820 τείχη
569 1748 791 1821 πάρειμι
814 1752 906 1805 καὶ
928 1757 1074 1807 νεῶν
1096 1751 1323 1823 πρήσων
1347 1752 1548 1824 σκάφη.

391 1844 494 1887 παῖ’
517 1838 610 1904 τῆς
633 1839 886 1909 μελῳδοῦ
913 1838 1141 1908 μητέρος
1166 1843 1417 1892 Μουσῶν
1439 1843 1564 1908 μιᾶς

399 1917 612 1989 Θρῃκός
636 1942 693 1974 τε
718 1927 964 1991 ποταμοῦ
989 1921 1342 1994 Στρυμόνος,
1375 1928 1520 1993 φιλῶ
1545 1923 1726 1993 λέγειν

395 1998 627 2072 τάληθὲς
659 2001 743 2059 ἀεὶ
772 2002 876 2059 κοῦ
903 2009 1130 2072 διπλοῦς
1160 2003 1366 2078 πέφυκ’
1401 2003 1556 2079 ἀνήρ.
1770 2018 1857 2063 395

396 2085 561 2140 πάλαι
587 2086 752 2142 πάλαι
773 2095 912 2161 χρῆν
935 2095 1064 2162 τῇδε
1087 2091 1424 2162 συγκάμνειν
1445 2091 1608 2162 χθονὶ

395 2170 658 2241 ἐλθόντα,
690 2172 782 2226 καὶ
804 2172 875 2243 μὴ
901 2171 1063 2229 τούπὶ
1087 2174 1137 2230 σ’
1163 2173 1425 2245 Ἀργείων
1448 2172 1556 2230 ὕπο

401 2260 604 2325 Τροίαν
629 2258 781 2311 ε’ἆσαι
805 2264 1082 2328 πολεμίων
1107 2272 1295 2314 πεσεῖν
1326 2263 1464 2330 δορί.

393 2335 459 2394 οῦ
484 2339 587 2410 γάρ
613 2363 663 2394 τι
687 2343 855 2407 λέξεις
880 2339 951 2406 ῶς
980 2339 1208 2414 ἄκλητος
1233 2338 1311 2398 ῶν
1337 2349 1518 2414 φίλοις

397 2420 498 2478 οὐκ
525 2416 695 2495 ἦλθες
721 2422 826 2481 οῦδ
835 2423 847 2443 ’
876 2423 1087 2497 ἤμυνας
1112 2424 1235 2483 οὐδ’
1264 2428 1619 2500 ἐπεστράφης.
1769 2443 1852 2485 400

395 2513 475 2571 τίς
500 2508 605 2581 γάρ
631 2526 693 2565 σε
722 2513 894 2583 κῆρυξ
921 2507 955 2581 ἢ
979 2517 1240 2585 γερουσία
1265 2518 1507 2583 Φρυγῶν

393 2590 621 2647 ἐλθοῦσ’
651 2591 884 2665 ἀμύνειν
908 2593 1009 2651 οὐκ
1035 2599 1340 2667 ἐπέσκηψεν
1364 2597 1548 2663 πόλεις

393 2681 569 2731 ποίων
595 2677 655 2731 δὲ
680 2678 878 2751 δώρων
900 2681 1105 2752 κόσμον
1129 2678 1232 2736 οῦκ
1257 2682 1600 2752 ἐπέμψαμεν;

393 2757 463 2814 σῦ
489 2757 543 2815 δ’
571 2761 796 2834 ἐγγενὴς
822 2759 900 2818 ῶν
927 2764 1203 2838 βάρβαρός
1228 2788 1285 2820 τε
1308 2766 1625 2837 βαρβάρους

377 2839 636 2917 Ἕλλησιν
661 2843 797 2917 ἡμᾶς
821 2849 1085 2920 προύπιες
1109 2847 1168 2906 τὸ
1193 2847 1292 2905 σὸν
1314 2852 1491 2922 μέρος.
1765 2863 1849 2906 405
