2018 3117
8 603 86 760 ἃς

183 101 284 152 124
960 106 1097 154 ΙΩΝ

184 250 292 298 KP.
372 242 438 298 τὰ
462 243 621 299 κοινὰ
642 251 851 316 χαίρων
876 242 943 301 οὗ
970 251 1157 301 δίκαια
1185 251 1292 320 δρᾷ
1315 246 1492 318 μόνος.
1576 238 1659 314 ἱ

184 334 344 382 ΙΩΝ.
372 336 544 399 οἴμοι·
572 327 858 403 προσῳδὸς
885 327 917 401 ἡ
944 331 1078 402 τύχη
1110 331 1271 405 τώμῷ
1299 331 1485 388 πάθει.

183 418 292 467 KP.
363 414 455 467 καὶ
481 410 553 482 σ’,
583 405 627 467 ὦ
650 410 783 484 ξέν’,
811 414 962 485 οἶμαι
984 413 1172 516 μητέρ’
1203 412 1411 470 ἀθλίαν
1435 425 1653 473 ποθεῖν.

185 503 343 552 ΙΩΝ.
371 520 463 552 και
486 497 593 568 μή
587 495 644 551 α’
674 496 760 553 ἐπ’
789 498 974 554 οἶκτον
1000 496 1145 569 (ἔξαγ’
1175 491 1288 554 οῧ’
1294 507 1386 554 λελ
1394 499 1624 571 ήσμεθα.

184 587 292 636 ΚΡ.
374 587 537 652 σιγῶ·
576 584 802 654 πέραινε
826 582 878 638 δ
908 577 987 639 ὠν
1011 605 1043 640 σ
1100 581 1370 656 ἀνιστορῶ
1396 586 1537 656 πέρι.

148 671 382 737 ΨζῼιθΕΤ.
372 663 521 741 οἷσθ’
550 689 655 721 ουν
679 663 713 721 ὁ
735 669 932 739 κάμνει
957 676 1055 725 τοῦ
1081 667 1285 740 λόγου
1279 669 1508 724 μάλιστά
1533 688 1646 725 σοι·
1634 713 1646 736 ,

191 756 292 804 ΚΡ.
375 756 431 805 τί
451 748 503 806 δ’
534 748 636 806 οὐκ
662 754 846 825 ἐκείνῃ
873 760 936 826 τῇ
961 752 1286 828 ταλαιπώρῳ
1313 765 1493 809 νοσεῖ·
1481 797 1494 820 ,

188 840 343 888 [ΩΝ.
372 841 486 899 πῶς
510 832 539 891 ὁ
565 834 698 901 θεὸς
723 834 753 892 ὃ
776 844 974 894 λαθεῖν
999 839 1256 910 βούλεται
1280 837 1669 909 μαντεύσεται;

191 925 292 973 KP.
376 928 528 992 εἴπερ
556 927 771 988 καθίζει
797 928 1029 994 τρίποδα
1054 921 1244 979 κοινὸν
1274 920 1545 987 Ἑλλάδος.

191 1009 345 1058 [ῼΝ.
372 1004 690 1076 αἰσχύνεται
714 1005 773 1062 τὸ
801 1014 1048 1079 πρᾶγμα·
1076 1006 1148 1079 μὴ
1180 1005 1419 1079 ’ξέλεγχέ
1437 1031 1544 1062 νιν.

185 1094 293 1142 ΚΡ.
376 1082 670 1160 ἀλγύνεται
687 1093 750 1147 δέ
764 1088 856 1161 γ’ἡ
876 1098 1138 1148 παθοῦσα
1163 1100 1226 1165 τῇ
1253 1092 1406 1164 τύχῃ.

185 1178 344 1228 ΙΩΝ.
377 1171 480 1230 οὐκ
507 1180 654 1230 ἔστιν
679 1172 823 1240 ὅστις
848 1195 933 1232 σοι
958 1174 1331 1248 προφητεύσει
1355 1175 1501 1231 τάδε.

376 1261 435 1314 ἐν
460 1272 571 1323 τοῖς
596 1257 699 1331 γὰρ
725 1257 899 1315 αὑτοῦ
925 1261 1172 1332 δώμασιν
1197 1259 1363 1325 κακὸς
1389 1262 1584 1332 φανεὶς

375 1348 831 1414 Φοῖβοςόικαίως
857 1343 953 1400 τὸν
977 1344 1379 1425 θεμιστεύοντά
1404 1363 1491 1400 σοι

374 1428 630 1499 δράσειεν
655 1426 723 1483 ἄν
749 1452 799 1484 τι
823 1427 989 1501 πῆμ’·
1018 1429 1397 1500 ἀπαλλάσσου,
1425 1429 1618 1501 γύναι·

374 1518 449 1587 τῷ
470 1511 580 1585 ’γὰρ
608 1520 724 1587 θεῷ
750 1510 996 1570 τάναντί’
1025 1512 1092 1570 οὐ
1116 1517 1467 1586 μαντευτέον.

375 1603 451 1662 εἰς
476 1596 579 1669 γὰρ
606 1604 872 1653 τοσοῦτον
897 1596 1137 1670 ἀμαθίας
1164 1606 1424 1670 ἔλθοιμεν
1448 1596 1532 1668 ἄν,

375 1688 425 1737 εί
447 1681 574 1746 τοὺς
598 1681 767 1746 θεοὺς
793 1679 1023 1748 ι’ἔκοντας
1048 1684 1421 1757 ἐκπονήσομεν

375 1766 603 1839 φράζειν
630 1791 663 1822 α
686 1790 758 1837 μη
786 1764 1100 1823 θέλουσιν
1076 1793 1107 1839 ῃ
1133 1774 1470 1840 προβωμίοις

375 1863 641 1922 σφαγαῖσι
666 1851 857 1923 μήλων
884 1848 918 1922 ἢ
944 1849 1019 1907 δι’
1049 1858 1304 1908 οἰωνῶν
1291 1865 1525 1923 πτεροῖς.

376 1959 459 2016 ay
470 1960 502 2006 γ
601 1941 696 2009 βία
722 1935 1053 2007 σπεύδωμεν
1079 1934 1330 1993 ἀκόντων
1354 1942 1526 2007 θεων,

324 1931 550 2171 ὓένόγ
583 2044 615 2074 α
645 2020 990 2092 κεκτήμεσθα
1015 2019 1236 2093 τάγάθ’,
1266 2046 1306 2077 ω
1333 2021 1525 2093 γύναι

375 2128 409 2159 α
435 2102 487 2159 δ’
517 2129 586 2160 αν
611 2102 804 2160 διδωσ’
838 2105 1083 2176 ἑκόντες,
1113 2103 1502 2178 ωφελούμεθα.

188 2195 299 2244 XO.
369 2196 573 2245 πολλαί
592 2213 653 2260 γε
677 2197 898 2255 πολλοῖς
925 2196 1028 2247 εἰσι
1054 2193 1335 2263 συμφοραὶ
1359 2198 1594 2262 βροτοῖς,

374 2276 585 2344 μορφαὶ
611 2275 671 2330 δὲ
696 2278 1077 2348 διαφέρουσιν.
1106 2273 1166 2331 ἓν
1191 2273 1245 2331 δ’
1275 2271 1343 2331 ἂν
1369 2273 1591 2344 εὐτυχὲς

373 2357 528 2429 μόλις
553 2355 664 2414 ποτ’
693 2359 903 2431 ἐξεύροι
936 2383 1013 2424 τις
1039 2356 1359 2431 ἀνθρώπων
1381 2366 1503 2433 βίω.

192 2449 296 2497 ΚΡ.
379 2435 422 2497 ὦ
448 2450 644 2514 Φοῖβε,
671 2441 834 2500 κάκεῖ
853 2441 1097 2500 κάνθάδ’
1125 2467 1192 2500 ου
1219 2450 1430 2509 δίκαιος
1458 2452 1504 2498 εἰ

375 2532 450 2591 εἰς
475 2526 575 2598 τὴν
600 2526 878 2598 αποῦσαν,
907 2521 972 2599 ἧς
995 2529 1249 2601 πάρεισιν
1274 2527 1617 2631 ‘'Q-‘¹¹

344 2613 442 2670 jv)
476 2609 528 2666 δ’
556 2609 676 2668 ούτ’
707 2619 913 2677 ἐσωσας
936 2612 1033 2669 τὸν
1057 2612 1158 2669 σὸν
1183 2609 1249 2669 ὂν
1273 2619 1452 2669 σωσαί
1482 2610 1535 2668 σ’
1565 2615 1747 2684 ἐχρῆν,

376 2692 510 2751 ούθ’
541 2697 832 2770 ἱστορούσῃ
857 2699 1021 2771 μητρὶ
1044 2697 1234 2770 μάντις
1259 2693 1338 2753 ὧν
1364 2701 1522 2768 ε’ρεῖς,

378 2777 450 2844 ὠς
477 2785 527 2835 εἰ
546 2782 648 2852 μὲν
673 2778 857 2836 οὐκέτ’
887 2787 1064 2852 ἔστιν,
1092 2779 1321 2854 ὀγκωθῇ
1347 2782 1523 2856 τάφςο,

375 2870 426 2921 εἰ
447 2862 501 2920 δ’
532 2871 705 2937 ἔστιν,
734 2872 872 2937 ἔλθῃ
895 2865 1096 2937 μητρὸς
1123 2872 1198 2931 εἰς
1222 2862 1354 2933 ὅφιν
1378 2869 1526 2923 ποτέ.

1754 431 1839 475 360

1757 853 1840 896 365

1755 1273 1841 1317 370

1759 1697 1842 1742 375

1758 2120 1842 2163 380

1758 2539 1843 2584 385
