2018 3117
231 58 332 109 376

861 62 1212 108 ΤΡΩΙΑΔΕΣ

429 200 628 257 δώσειν
654 196 929 270 ὑπέσχετ’,
959 205 1010 254 εἰ
1039 198 1181 264 θεὰς
1199 197 1542 274 ὑπερδράμοι

421 288 623 340 κάλλει.
655 280 753 338 τὸν
777 281 1000 338 ἐνθένδ’
1030 279 1102 348 ὡς
1127 289 1235 354 ἔχει
1259 288 1456 351 σκέψαι
1477 289 1641 359 λόγον
1658 309 1668 319 ·

423 375 551 442 νικᾷ
575 368 794 438 Κύπρις
817 367 952 438 θεά,
982 371 1075 424 καὶ
1103 367 1323 424 τοσόνδ’
1353 367 1515 441 οὑμοὶ
1538 373 1700 444 γάμοι

423 450 643 524 ὤνησαν
661 449 895 524 Ἑλλάδ’,
922 450 987 507 οὐ
1016 451 1301 525 κρατεῖσθ’
1330 457 1388 509 ἐκ
1413 458 1727 531 βαρβάρων,

421 533 540 593 οὔτ’
571 543 647 602 εἰς
673 537 813 609 δόρυ
839 539 1163 607 σταθέντες,
1194 535 1260 593 οῦ
1285 545 1593 611 τυραννίδι.

423 617 458 676 ἂ
483 619 534 677 δ’
559 619 867 694 ηὖτύχησεν
887 620 1099 693 Ἑλλάς,
1128 619 1349 694 ὠλόμην
1374 623 1479 695 ἐγώ

423 701 699 782 εὐμορφία
722 716 1000 779 πραθεῖσα
1023 704 1405 779 κώνειδίζομαι

421 794 473 857 ἐξ
502 784 581 847 ὦν
606 795 770 865 ἐχρῆν
792 815 859 863 με
887 794 1163 863 στέφανον
1187 794 1275 848 ἐπὶ
1299 793 1442 868 κάρα
1465 800 1674 866 λαβεῖν.

423 872 577 933 οῦπω
602 901 668 948 με
695 876 888 951 φήσεις
913 874 1052 932 αὐτὰ
1076 875 1176 932 τᾶν
1205 880 1370 933 ποσὶν
1397 882 1596 950 λέγειν,

423 958 570 1026 ὅπως
600 959 895 1036 ἀφωρμησ’
924 965 982 1018 ἐκ
1009 962 1196 1033 δόμων
1219 968 1331 1018 τῶν
1358 969 1472 1018 σῶν
1493 963 1694 1038 λάθρα.

419 1038 551 1117 ἦλθ’
589 1043 711 1117 οὐχὶ
739 1045 942 1120 μικρὰν
966 1045 1105 1102 θεὸν
1130 1054 1269 1118 ἔχων
1298 1045 1473 1104 αὑτοῦ
1502 1051 1635 1120 μέτα

420 1127 448 1186 ὁ
473 1128 629 1201 τῆσδ’
661 1129 941 1203 αλαστωρ,
971 1129 1069 1186 εἴτ
1104 1129 1465 1204 Ἀλεξανδρον
1489 1135 1673 1199 θέλεις

422 1212 648 1286 ὀνόματι
673 1229 1030 1289 προσφωνεῖν
1057 1239 1149 1271 νιν
1176 1224 1283 1272 εἴτε
1310 1219 1421 1284 [καὶ
1443 1219 1673 1290 Παριν]·

421 1296 515 1370 ὅν,
543 1323 584 1355 ω
611 1301 859 1372 κακιστε,
887 1315 1064 1357 σοῖσιν
1089 1304 1149 1356 ἐν
1175 1301 1361 1373 δόμοις
1384 1302 1561 1358 λιπών

417 1385 680 1458 Σπάρτης
704 1382 915 1458 ἀπῆρας
940 1387 1031 1457 νηὶ
1056 1392 1309 1458 Κρησίαν
1331 1388 1526 1458 χθόνα.

419 1469 546 1525 εἶεν.

418 1552 484 1609 οὐ
513 1552 586 1626 σ’,
618 1553 737 1611 ἀλλ’
768 1554 1010 1628 ἐμαυτὴν
1035 1554 1202 1612 τούπὶ
1225 1554 1357 1632 τῷδ’
1390 1557 1677 1629 ἐρήσομαι·

415 1645 473 1694 τί
494 1638 561 1711 δὴ
592 1638 897 1713 φρονήσασ’
932 1644 990 1696 ἐκ
1017 1641 1205 1713 δόμων
1229 1638 1326 1713 ἅμ’
1361 1641 1605 1713 ἑσπόμην

415 1726 560 1799 ξένῳ,
577 1730 859 1796 προδοῦσα
883 1731 1120 1799 πατρίδα
1145 1728 1237 1782 καὶ
1269 1726 1474 1796 δόμους
1503 1726 1695 1798 ἐμοῦς;

417 1807 518 1879 τὴν
540 1808 680 1866 θεὸν
704 1811 895 1878 κόλαζε
919 1812 1012 1866 καὶ
1037 1810 1174 1876 Διὸς
1202 1817 1477 1884 κρείσσων
1503 1816 1690 1883 γενοῦ,

420 1890 479 1958 ὃς
504 1900 615 1950 τῶν
639 1895 740 1966 μὲν
766 1893 950 1952 ἄλλων
977 1896 1260 1968 δαιμόνων
1285 1902 1395 1966 ἔχει
1419 1896 1632 1968 κράτος,

419 1984 605 2050 κείνης
634 1980 694 2035 δὲ
721 1980 919 2045 δοῦλός
945 1983 1082 2036 ἐστι·
1114 1980 1412 2052 συγγνώμη
1444 1979 1496 2036 δ’
1530 1985 1666 2052 ε’μοί.

420 2068 588 2118 ἔνθεν
613 2061 665 2118 δ’
700 2070 839 2135 ἔχοις
865 2061 933 2121 ἂν
961 2071 1036 2130 εἰς
1062 2063 1145 2137 ἔμ’
1177 2063 1423 2138 εὐπρεπῆ
1449 2066 1615 2137 λόγον
1633 2083 1644 2094 ·

416 2148 534 2202 ἐπεὶ
563 2147 759 2204 θανών
784 2156 882 2220 γῆς
906 2141 1037 2219 ἦλθ’
1067 2148 1419 2222 Ἀλέξανδρος
1442 2149 1665 2221 μυχούς,

415 2238 554 2304 χρῆν
579 2229 659 2303 μ’,
685 2229 834 2304 ἡνίκ’
866 2230 968 2289 οὐκ
993 2227 1063 2305 ῆν
1087 2233 1403 2304 θεοπόνητά
1428 2257 1536 2305 μου
1560 2237 1704 2306 λέχη,

420 2323 693 2372 λιποῦσαν
723 2326 910 2383 οἴκους
936 2325 1073 2384 ναῦς
1097 2316 1181 2374 ἐπ’
1207 2315 1471 2389 Ἀργείων
1497 2327 1703 2390 μολεῖν.

421 2406 691 2457 ἔσπευδον
717 2399 852 2458 αὐτὸ
881 2409 1067 2459 τοῦτο’
1095 2402 1369 2475 μάρτυρες
1398 2406 1462 2458 δέ
1492 2427 1584 2476 μοι

417 2482 650 2557 πύργων
679 2490 928 2560 πυλωροὶ
952 2485 1094 2544 κάπὸ
1124 2489 1346 2558 τειχέων
1375 2495 1587 2560 σκοποί,

418 2576 476 2626 οἳ
496 2570 756 2636 πολλακις
780 2570 837 2643 μ’
869 2575 1109 2645 ἐφηῦρον
1139 2576 1190 2639 ἐξ
1216 2572 1493 2638 ἐπαλξεων

418 2661 737 2711 πλεκταῖσιν
763 2663 838 2722 εἰς
864 2663 969 2728 γῆν
993 2663 1148 2729 σῶμα
1172 2659 1408 2712 κλέπτοί
1400 2676 1515 2713 σαν
1538 2658 1680 2714 τόδε.

417 2744 513 2812 βία
537 2737 644 2794 δ’ὁ
670 2741 858 2806 καινός
882 2739 938 2813 μ’
968 2743 1127 2808 οῦτος
1151 2739 1397 2814 ἁρπασας
1420 2742 1577 2807 πόσις

417 2829 708 2896 Δηίφοβος
732 2823 930 2896 αλοχοι
960 2825 1104 2896 εἶχεν
1129 2824 1378 2883 ἀκόντων
1404 2833 1663 2898 Φρυγῶν.

1806 221 1890 264 930

1805 642 1887 686 935

1805 1063 1888 1108 940

1802 1571 1886 1614 945

1803 1993 1884 2036 950

1801 2418 1883 2461 955

1797 2840 1882 2884 960
