2018 3117
161 93 266 144 338

869 89 1100 136 ΡΗΣΟΣ

160 241 281 292 ΕΚ.
353 231 425 305 μὴ
451 225 650 302 θνῆσχ’
669 245 682 257 ·
711 225 830 293 ἅλις
856 226 961 300 γὰρ
986 233 1097 282 τῶν
1120 227 1473 298 τεθνηκότων
1500 225 1675 300 ὄχλος.
1738 241 1822 286 870

161 326 292 377 ΗΝ.
351 330 448 373 ποῖ
468 314 534 386 δὴ
559 311 847 385 τράπωμαι
872 317 1153 367 δεσποτῶν
1175 310 1540 383 μονούμενος.·,

161 411 280 460 ΕΚ.

161 495 293 544 ΗΝ.

163 579 280 628 ΕΚ.

161 664 292 712 HN.

164 831 282 881 EK.

358 401 506 466 οἶκός
530 417 591 454 σε
615 398 842 453 κεύθων
868 394 1036 467 οὑμὸς
1060 395 1343 463 ἐξιάσεται.

356 487 447 540 καὶ
471 490 586 548 πῶς
607 505 676 584 με
700 481 1069 553 κηδεύσουσιν
1094 477 1388 536 αὐθεντῶν
1411 482 1590 553 χέρες;

356 567 439 625 όδ’
470 570 540 624 αὐ
567 566 664 623 τὸν
689 564 862 622 αὐτὸν
884 572 1072 638 μῦθον
1099 561 1165 621 οὐ
1191 565 1340 637 λήξει
1358 568 1552 636 λέγων.

363 650 543 710 ὄλοιθ’
573 676 601 708 ο
631 649 944 724 δράσας.ού
969 673 1072 721 γαρ
1099 655 1175 715 εἰς
1198 650 1259 705 σε
1281 656 1517 706 τείνεται
1741 664 1825 708 875

358 734 584 810 γλῶσσ’,
613 734 684 802 ῶς
709 735 778 792 σὺ
804 749 1054 807 κομπεῖς·
1081 732 1114 806 ἡ
1139 741 1286 807 Δίκη
1313 731 1362 790 δ’
1393 738 1688 791 ἐπίσταται.

357 819 613 890 λάζυσθ’·
655 822 883 889 ἄγοντες
909 821 941 871 δ
950 818 962 838 '
991 818 1162 871 αὐτὸν
1192 820 1267 880 εἰς
1293 820 1496 887 δόμους
1525 820 1717 888 ἐμούς,

360 904 534 971 οὕτως
563 903 709 970 ὅπως
733 901 803 960 ἂν
825 903 897 976 μὴ
925 903 1121 977 ’γκαλῇ
1147 903 1477 974 πορσύνετε·

359 989 499 1063 ὑμᾶς
524 996 554 1046 δ
563 988 575 1009 '
608 991 789 1055 ἰόντας
811 1003 987 1046 τοῖσιν
1012 992 1072 1045 ἐν
1094 995 1260 1059 τείχει
1282 986 1461 1059 χρεῶν

360 1076 592 1150 Πριάμῳ
617 1097 674 1130 τε
701 1076 794 1130 καὶ
817 1077 1044 1146 γέρουσι
1068 1080 1307 1145 σημῆναι
1331 1070 1565 1145 νεκροὺς
1745 1085 1831 1129 880

360 1161 595 1216 θάπτειν
623 1159 874 1214 κελεύειν
897 1157 1188 1229 λεωφόρου
1213 1156 1351 1230 πρὸς
1378 1156 1660 1228 ἐκτροπάς.

169 1253 286 1302 XO.
353 1252 411 1300 τί
435 1242 556 1300 ποτ’
589 1241 843 1314 εὐτυχίας
867 1247 926 1298 ἐκ
949 1249 1042 1314 τῆς
1067 1243 1304 1315 μεγάλης

368 1336 572 1400 Τροίαν
597 1326 789 1400 άνάγει
813 1328 978 1384 πάλιν
1005 1333 1079 1392 εἰς
1103 1329 1309 1392 πένθος

362 1420 575 1486 δαίμων
599 1411 789 1485 ἄλλος,
821 1420 878 1470 τί
900 1413 1186 1485 φυτεύων;

363 1506 423 1556 ἔα
450 1506 525 1555 ἔα.
555 1491 598 1554 03
624 1522 683 1553 ω.
1747 1508 1830 1553 885

363 1590 443 1648 τίς
467 1581 607 1654 ὑπὲρ
630 1589 876 1654 κεφαλῆς
900 1582 1060 1652 θεός,
1093 1575 1136 1637 ῶ
1170 1584 1417 1654 βασιλεῦ,

364 1668 460 1725 τὸν
479 1669 785 1740 νεόδμητον
810 1665 1013 1741 νεκρὸν
1039 1670 1098 1723 ἐν
1122 1680 1331 1739 χειροῖν

365 1754 618 1825 φοράδην
650 1756 878 1825 πέμπει;

365 1845 547 1910 ταρβῶ
574 1838 824 1894 λεύσσων
848 1837 974 1893 τόδε
1006 1841 1212 1908 φάσμα.

174 1931 245 1981 M
248 1931 291 1978 O
303 1932 356 1978 Τ.
385 1921 520 1993 ὁρᾶν
546 1924 799 1994 πάρεστι,
835 1929 1039 1994 Τρῶες·
1075 1919 1108 1993 ἡ
1132 1921 1235 1993 γὰρ
1261 1925 1320 1977 ἐν
1345 1932 1536 1992 σοφοῖς
1749 1932 1832 1975 890

364 2007 518 2078 τιμὰς
545 2014 741 2078 ἔχουσα
764 2013 970 2063 όΜοῦσα
993 2007 1284 2079 συγγόνων
1307 2012 1404 2079 μία

369 2092 619 2163 πάρειμι,
646 2098 815 2148 παῖδα
839 2090 995 2147 τόνδ’
1025 2089 1191 2162 ὁρῶσ’
1227 2096 1455 2162 οἰκτρῶς
1479 2095 1644 2160 φίλον

367 2174 611 2232 θανόνθ’
644 2174 741 2232 ὑπ’
771 2180 1013 2247 ἐχθρῶν·
1043 2173 1109 2232 ὅν
1132 2173 1265 2231 ποθ’
1295 2174 1322 2231 ὁ
1347 2181 1561 2240 κτείνας
1585 2173 1765 2248 χρόνῳ

371 2262 553 2326 δόλιος
577 2259 876 2325 Ὀδυσσεὺς
901 2258 1057 2326 ἀξίαν
1080 2267 1216 2316 τίσει
1241 2265 1420 2331 δίκην.

370 2349 571 2420 ἰαλέμῳ
600 2344 895 2417 αὐθιγενεῖ
1596 2361 1710 2415 στρ.
1751 2355 1833 2400 895

372 2434 567 2486 τέκνον
591 2428 642 2486 σ’
672 2428 1041 2502 ὀλοφύρομαι,
1070 2422 1112 2484 ῶ

370 2515 572 2586 ματρὸς
603 2513 791 2586 ἄλγος,
823 2519 946 2570 οἵαν

369 2606 591 2665 ἔκελσας
618 2598 752 2655 ὁδὸν
775 2601 899 2655 ποτὶ
931 2605 1152 2670 Τροίαν,

370 2676 406 2755 ἦ
431 2689 775 2756 δυσδαίμονα
801 2685 891 2739 καὶ
918 2686 1134 2755 μελέαν,

698 2783 780 2827 895
796 2805 856 2810 -
875 2785 958 2829 903
975 2800 1043 2823 =
1066 2784 1149 2828 906
1162 2781 1326 2826 —914
