2018 3117
252 85 360 134 250

247 1592 360 1643 ΕΛ,

250 2445 367 2497 ΗΛ.

922 87 1096 134 ΟΡΕΣ
1101 89 1238 134 ΓΗΣ

447 224 699 282 ἀκταῖσιν
724 223 909 299 ὁρμεῖ,
939 225 1113 299 δαρὸν
1139 231 1197 282 έκ
1230 233 1427 298 Τροίας
1455 228 1660 300 χρόνον
1863 245 1916 286 55

447 309 513 366 ἄλ
518 330 631 367 αισι
657 319 729 367 πλ
733 319 986 382 αγχ-Ηθεις
1014 308 1114 382 τὴν
1140 311 1201 367 66
1226 310 1294 384 δὴ
1320 313 1665 369 πολύστονον

441 394 690 467 Ελένην,
717 404 830 468 φυλ
835 397 961 464 άξας
984 397 1160 453 νύκτα
1177 440 1191 468 ,
1219 397 1292 469 μή
1317 419 1397 462 τις
1422 397 1645 454 εἰσιδὼν

444 479 576 552 μεθ’
606 479 818 553 ἡμέραν
843 488 1193 553 στείχουσαν.
1221 484 1300 538 ὠν
1325 478 1424 537 ὑπ’
1449 480 1586 558 Ἰλίω

444 571 634 632 παῖδες
666 574 960 639 τεθνᾶσιν,
989 573 1064 634 εἰς
1089 570 1305 640 πέτρων
1332 573 1389 623 6¹1²-
1394 575 1471 640 θῃ
1495 542 1631 639 βόλ’
1582 592 1678 638 ας,

443 651 811 723 προύπεμψεν
843 659 920 718 είς
945 650 1086 722 δῶμ’
1116 651 1408 725 ἡμέτερον·
1449 658 1597 709 ἔστιν
1621 651 1675 708 6'
1705 659 1810 709 ἔσω
1860 667 1917 711 60

443 744 508 792 κλ
513 735 694 793 αίουσ’
725 735 975 810 αδελφὴν
1007 758 1301 811 συμφοραν
1317 761 1374 794 τε
1404 737 1689 809 δωματων.

444 828 555 893 ἔχει
581 823 641 878 δὲ
667 823 736 895 δή
760 821 866 879 τιν’
899 822 964 879 αλ
970 826 1113 895 γέων
1139 823 1499 896 παραψυχήν·

443 904 514 979 ἢν
541 932 644 979 γαρ
670 932 770 964 κατ
823 917 1008 975 οἴκους
1040 907 1208 980 ἔλιφ’,
1235 905 1315 965 ὅτ’
1347 912 1399 975 ἐς
1432 915 1635 980 Τροίαν
1661 915 1830 978 ἔπλει,

442 996 729 1064 παρθένον
755 997 855 1066 έμη
879 1017 937 1050 τε
962 997 1126 1066 μητρὶ
1149 996 1473 1064 παρέδωκεν
1498 996 1725 1067 τρέφειν

443 1081 734 1144 ιΜενέλαος
759 1077 984 1150 ἀγαγών
1004 1077 1297 1151 Ἑρμιόνην
1323 1079 1584 1151 Σπάρτης
1609 1077 1733 1150 ἄπο,
1861 1093 1915 1137 65

440 1162 612 1235 ταύτῃ
640 1166 848 1235 γέγηθε
875 1162 1241 1235 κάπιλήθεται
1265 1170 1469 1219 κακῶν.

439 1251 623 1318 βλέπω
651 1249 712 1303 66
738 1255 919 1304 πᾶσαν
942 1254 1017 1313 εἰς
1043 1246 1197 1322 ὁδόν,
1217 1246 1339 1306 πότ’
1371 1247 1576 1320 ὄψομαι

439 1336 735 1389 Μενέλαον
758 1331 959 1404 ἥκονθ’
979 1353 990 1362 ·
1030 1331 1104 1399 ὡς
1128 1335 1192 1390 τά
1218 1333 1269 1406 γ>
1298 1331 1420 1389 ἄλλ’
1452 1332 1536 1389 ἐπ’
1568 1331 1845 1401 ἀσθενοῦς

437 1423 612 1492 ῥοπῆς
652 1416 941 1490 ὀχούμεθ’,
969 1417 1039 1492 ἤν
1064 1444 1114 1476 τι
1138 1444 1210 1492 μη
1235 1428 1463 1476 κείνου
1450 1419 1595 1490 πάρα

438 1509 731 1576 σωθωμεν.
766 1527 977 1577 απορον
1000 1512 1180 1578 χρῆμα
1205 1510 1496 1576 δυστυχων
1522 1504 1704 1575 δόμος.
1858 1518 1912 1562 70

436 1590 477 1644 ὠ
505 1602 604 1645 παῑ
627 1597 709 1645 Κλ
717 1591 1120 1662 υταιμνήστρας
1143 1614 1201 1646 τε
1226 1587 1657 1661 καγαμέμνονος,

439 1677 690 1745 παρθένε
713 1673 929 1746 μακρὸν
957 1674 1023 1747 δὴ
1051 1699 1221 1747 μηκος
1246 1673 1340 1730 Ηλ
1347 1677 1512 1776 έκτρα
1532 1676 1756 1746 χρόνου,

438 1782 579 1830 πως,
609 1761 649 1814 ω
678 1759 776 1815 ταλ
781 1783 937 1831 αινα,
967 1760 1039 1816 σύ
1061 1782 1121 1816 τε
1154 1760 1484 1832 κασίγνητός
1516 1782 1574 1814 τε
1603 1756 1699 1825 σὸς

438 1844 661 1916 τλήμων
680 1843 933 1916 Ὀρέστης
957 1844 1160 1918 μητρὸς
1185 1843 1280 1902 ὅδε
1307 1868 1514 1917 φονευς
1541 1850 1678 1915 ἑφυ·
1666 1887 1678 1911 ,

438 1933 906 2002 προσφθέγμασιν
931 1930 1035 2004 γὰρ
1063 1928 1130 1987 οὐ
1157 1937 1443 2003 μιαίνομαι
1474 1931 1660 2001 σέθεν,
1857 1944 1909 1990 75

440 2020 515 2080 εἰς
546 2022 757 2086 Φοῖβον
782 2012 1143 2087 ἀναφέρουσα
1168 2015 1270 2090 τὴν
1295 2012 1584 2089 ἁμαρτίαν.

436 2106 614 2155 καίτοι
642 2103 814 2155 στένω
844 2124 907 2172 γε
930 2099 1027 2156 τὸν
1050 2102 1542 2173 Κλυταιμνήστρας
1564 2098 1740 2173 μόρον

437 2187 567 2256 ἐμῆς
593 2182 865 2256 ἀδελφῆς,
891 2183 987 2256 ἥν,
1017 2188 1134 2241 ἐπεὶ
1157 2185 1294 2259 πρὸς
1312 2184 1484 2242 Ἴλιον

439 2267 662 2326 ἔπλευσ’
693 2267 840 2334 ὅπως
865 2275 1104 2326 ἔπλευσα
1122 2279 1391 2342 θεομανεῖ
1412 2270 1617 2344 πότμῳ,

439 2377 542 2410 ουκ
575 2355 752 2426 εἶδον,
781 2353 1188 2427 απολειφθεῑσα
1219 2353 1273 2411 6'
1306 2356 1469 2424 αιάζω
1495 2379 1676 2426 τυχας.
1849 2373 1906 2417 80

432 2437 649 2511 Ελένη,
678 2447 736 2496 τί
760 2461 847 2496 σοι
873 2438 1082 2512 λέγοιμ
1113 2437 1182 2496 α“ν
1205 2438 1284 2496 ἅ
1267 2463 1374 2512 γε
1361 2437 1596 2514 παροῦσ’
1626 2437 1777 2517 ὁρᾷς,

435 2528 496 2580 ἐν
523 2539 866 2629 συμφοραῖσι
895 2523 994 2581 τὸν
1013 2523 1413 2598 Ἀγαμέμνονος
1441 2525 1643 2598 γόνον·
1629 2568 1644 2593 ,

437 2606 544 2681 ἐγω
571 2611 673 2680 μὲν
699 2633 911 2675 αυπνος
937 2610 1210 2683 παρεδρος
1234 2607 1415 2684 ἀθλίῳ
1439 2615 1639 2685 νεκρῷ,

434 2692 631 2765 νεκρὸς
661 2696 765 2768 γὰρ
794 2696 955 2760 οὗτος
998 2719 1181 2753 εινεκα
1206 2703 1441 2767 σμικρᾶς
1467 2699 1653 2767 ροπῆς,

441 2778 657 2834 θάσσω·
685 2783 750 2835 τὰ
776 2779 976 2836 τούτου
1002 2778 1054 2836 6'
1090 2777 1192 2837 οὐκ
1219 2777 1469 2849 ὀνειδίζω
1495 2803 1652 2835 κακα.
1850 2794 1906 2839 85
