2018 3117
900 81 1038 129 ΙΩΝ
1689 75 1787 128 151

339 224 458 278 ἐπεὶ
480 219 534 276 δ’
569 224 620 285 ἐς
651 217 857 286 αὐλοὺς
883 213 1022 292 ἧκον
1048 225 1100 286 ἐς
1125 219 1368 291 κρατῆρά
1391 244 1447 275 τε

338 304 554 374 κοινόν,
581 307 758 376 γέρων
782 303 918 371 ἔλεξ’
938 324 948 334 ·
977 302 1315 376 ἀφαρπάζειν
1337 303 1513 376 χρεῶν

337 387 533 460 οἰνηρὰ
556 389 717 459 τεύχη
742 390 966 461 σμικρά,
994 390 1201 460 μεγάλα
1226 386 1278 444 δ’
1309 392 1602 461 εἰσφέρειν,

339 471 414 538 ῶς
438 480 655 528 θᾶσσον
685 471 887 528 ἔλθωσ’
917 471 1023 527 οἵδ’
1053 478 1105 537 ἐς
1129 469 1329 543 ἡδονὰς
1354 479 1593 545 φρενῶν.
1686 486 1793 528 1180

340 551 410 628 ἦν
435 557 502 629 δὴ
530 556 819 630 φερόντων
840 556 1044 628 μόχθος
1069 555 1482 628 ἀργυρηλάτους

339 644 572 713 χρυσεάς
595 664 652 696 τε
677 641 874 711 φιάλας
894 660 904 670 ·
931 639 958 697 ὃ
987 642 1047 697 δὲ
1070 640 1257 712 λαβῶν
1281 645 1574 713 ἐξαίρετον,

339 723 412 791 ῶς
435 732 509 800 τῷ
534 728 640 799 νέῳ
666 723 732 795 δὴ
760 725 995 798 δεσπότῃ
1018 726 1180 798 χάριν
1206 729 1410 797 φέρων,

340 815 513 865 ἔδωκε
537 815 737 880 πλῆρες
760 815 975 880 τεῦχος,
1010 817 1084 875 εἰς
1114 810 1268 865 οἶνον
1294 809 1480 881 βαλών

344 890 378 949 δ’
403 911 536 965 φασι
560 898 758 949 δοῦναι
782 894 1073 965 φάρμακον
1098 895 1427 973 δραστῄριον
1691 907 1796 950 1185

335 981 660 1047 δέσποιναν,
688 975 758 1043 ῶς
783 992 907 1043 παῖς
932 975 960 1034 ὃ
985 982 1105 1043 νέος
1130 971 1339 1034 ἐκλίποι
1366 979 1531 1050 φάος·

341 1060 562 1127 κούδεὶς
587 1060 706 1117 τάδ’
735 1059 894 1137 ᾔδειν
910 1081 920 1091 ·
955 1066 1014 1118 ἐν
1036 1077 1222 1134 χεροῖν
1247 1069 1424 1134 ἔχοντι
1448 1064 1508 1118 δὲ

339 1145 580 1211 σπονδὰς
609 1145 726 1217 μετ’
761 1145 941 1203 ἄλλων
971 1150 1127 1203 παιδὶ
1156 1154 1229 1222 τῷ
1261 1147 1531 1219 πεφηνότι

342 1237 696 1302 βλασφημίαν
720 1256 799 1297 τις
822 1237 1050 1287 οἰκετῶν
1075 1234 1404 1303 ἐφθέγξατο·

340 1313 369 1371 ὃ
398 1313 450 1370 δ’
473 1313 544 1381 ῶς
568 1319 628 1371 ἐν
654 1320 780 1391 ἱερῷ
804 1316 1065 1386 μάντεσίν
1089 1314 1137 1370 τ’
1167 1320 1384 1381 ἐσθλοῖς
1408 1323 1652 1388 τραφείς,
1692 1331 1798 1374 1190

342 1399 544 1455 οἰωνὸν
570 1406 728 1473 ἔθετο
758 1398 1046 1456 κᾶκέλευσ’
1077 1398 1244 1456 ἄλλον
1267 1402 1397 1456 νέον

339 1489 582 1555 κρατῆρα
600 1474 881 1556 πληροῦν·
909 1483 1002 1549 τὰς
1028 1485 1089 1540 δὲ
1112 1487 1245 1556 πρὶν
1270 1485 1510 1550 σπονδὰς
1534 1492 1674 1542 θεοῦ

339 1572 533 1623 δίδωσι
557 1574 713 1642 γαία,
743 1574 879 1623 πᾶσί
903 1567 951 1623 τ’
982 1571 1303 1625 ἐκσπένδειν
1325 1570 1488 1639 λέγει.

339 1650 465 1723 σιγὴ
491 1649 542 1707 δ’
576 1650 847 1723 ὑπῆλθεν.
876 1656 934 1707 ἐκ
960 1658 993 1709 δ
1001 1651 1013 1670 ’
1047 1657 1389 1724 ἐπίμπλαμεν
1413 1653 1616 1726 δρόσου

338 1743 611 1807 κρατῆρας
643 1737 826 1806 ίεροῦς
847 1743 1115 1808 Βιβλίνου
1139 1761 1197 1793 τε
1221 1737 1489 1808 πῶματος.
1689 1753 1792 1796 1195

338 1817 443 1875 κᾶν
466 1827 606 1895 τῷδε
634 1821 825 1897 μόχθῳ
851 1819 1054 1893 πτηνὸς
1081 1828 1350 1878 εἰσπίπτει
1379 1822 1584 1893 δόμους

340 1911 519 1975 κῶμος
544 1913 803 1962 πελειῶν·
830 1908 1033 1972 Λοξίου
1056 1906 1160 1978 γὰρ
1187 1910 1246 1962 ἐν
1272 1906 1460 1977 δόμοις

341 1986 569 2060 ἄτρεστα
592 1989 830 2046 ναίουσ’·
865 1987 935 2055 ῶς
966 1988 1016 2046 δ’
1052 1989 1386 2047 ἀπέσπεισαν
1410 1993 1575 2062 μέθυ,

340 2078 415 2136 εἰς
440 2070 572 2130 αὐτὸ
597 2081 748 2146 χείλη
773 2074 1025 2147 πῶματος
1049 2077 1375 2146 κεχρημέναι

337 2166 624 2226 καθεῖσαν,
657 2154 844 2213 εἷλκον
871 2161 924 2213 δ’
955 2161 1257 2230 εὐπτέρους
1285 2163 1339 2224 ἐς
1365 2160 1613 2229 αὐχένας.
1688 2174 1796 2216 1200

337 2243 429 2297 καὶ
452 2255 568 2307 ταῖς
592 2243 692 2313 μὲν
721 2241 909 2309 ἄλλαις
934 2241 1130 2308 ἄνοσος
1154 2236 1224 2314 ἦν
1247 2242 1406 2315 λοιβὴ
1430 2249 1571 2299 θεοῦ
1594 2263 1604 2272 ·

336 2322 371 2396 ἢ
397 2324 447 2380 δ’
479 2325 611 2394 ἕζετ’
641 2325 766 2383 ἐνθ’
800 2325 828 2384 ὁ
852 2327 1041 2393 καινὸς
1066 2334 1318 2384 ἔσπεισεν
1341 2327 1521 2400 γόνος,

336 2417 506 2465 ποτοῦ
529 2410 578 2466 τ’
609 2409 878 2484 ἐγεύσατ’,
908 2409 1082 2476 εὐθὺς
1108 2409 1375 2483 εὔπτερον
1399 2413 1562 2482 δέμας

336 2499 510 2550 ἔσεισε
534 2493 937 2568 κάβάκχευσεν,
966 2499 1024 2552 ἐκ
1050 2501 1082 2551 δ
1089 2494 1101 2514 ’
1131 2494 1344 2566 ἔκλαγξ’
1374 2491 1482 2552 ὅπα

338 2576 603 2643 ἀξύνετον
627 2578 870 2650 αιόἓζουσ’
890 2599 901 2609 ·
931 2581 1246 2652 ἐθάμβησεν
1271 2586 1303 2636 δ
1309 2581 1331 2636 ὲ
1356 2587 1457 2647 πᾶς
1683 2593 1798 2635 1205

338 2663 683 2735 θοινατόρων
706 2663 889 2737 ὅμιλος
914 2662 1141 2735 ὄρνιθος
1166 2663 1396 2730 πόνους·

333 2745 566 2817 θνήσκει
590 2746 643 2802 δ’
670 2746 1117 2821 ἀπασπαίρουσα,
1152 2755 1583 2822 φοινικοσκελεῖς

225 2817 302 2916 A
335 2830 500 2915 Q
523 2847 768 2924 παρεῖσα
793 2831 976 2905 γυμνὰ
999 2831 1052 2889 δ’
1083 2836 1141 2889 ἐκ
1167 2836 1390 2889 πέπλων
1410 2834 1543 2902 μέλη
