2018 3117
113 393 228 443 ΑΘ.

114 1488 231 1538 ΟΔ.

111 1910 227 1959 ΑΘ.

117 2668 232 2716 ΟΔ.

119 2835 212 2885 ΔΙ.

829 77 1059 123 ΡΗΣΟΣ
1657 73 1762 124 329

299 214 665 287 σκυλεύματ’;
704 213 738 287 ἢ
765 222 875 271 πᾶν
911 214 1279 287 στρατόπεδον
1304 215 1526 287 πέρσειν
1551 220 1760 284 δοκεῖς;

304 307 538 371 πείθου,
566 301 730 356 πάλιν
754 305 1077 370 στείχωμεν·
1106 291 1172 354 εὖ
1201 297 1254 355 δ’
1285 307 1366 370 εἴη
1397 312 1598 371 τυχεῖν.

301 398 400 441 ποῖ
421 384 487 456 δὴ
508 385 761 447 λιπόντες
778 390 1042 456 Τρωικῶν
1072 386 1130 439 ἐκ
1154 383 1360 450 τάξεων
1676 396 1761 440 595

299 483 553 542 χωρεῖτε,
581 469 727 541 λύπῃ
752 472 985 539 καρδίαν
1011 471 1351 539 δεδηγμένοι,

303 560 353 609 εί
373 553 444 626 μὴ
471 567 691 610 κτανεῖν
717 549 1108 626 σφῷν”Εκτορ’
1137 549 1170 622 ἢ
1195 553 1378 623 Πάριν
1401 551 1532 617 θεὸς

301 643 556 704 δίδωσιν;
589 635 764 707 ἄνδρα
790 634 843 690 δ’
874 633 940 691 οὐ
965 637 1216 692 πέπυσθε
1242 636 1525 707 σύμμαχον

307 729 474 796 Τροία
497 722 731 793 μολόντα
751 719 937 790 Ῥῆσον
961 717 1488 798 ofiQm—JQQQR
1539 724 1554 773 l

299 804 358 872 ὃς
383 813 434 862 εί
455 811 650 862 διοίσει
673 803 847 859 νύκτα
869 801 1025 874 τήνδ’
1059 808 1111 868 ἐς
1135 802 1348 876 αὔριον,
1678 817 1760 859 600

299 888 418 947 οὔτ’
449 889 517 945 ἄν
542 886 638 961 σφ’
666 886 948 958 Ἀχιλλέως
972 885 1090 943 οὔτ’
1127 885 1194 943 ἂν
1223 897 1459 953 Αἴαντος
1485 887 1621 960 δόρυ

297 974 370 1046 μὴ
396 974 572 1030 πάντα
596 975 792 1045 πέρσαι
814 970 1124 1043 ναύσταθμ’
1148 970 1410 1044 Ἀργείων
1435 974 1640 1042 σχέθοι,

298 1065 445 1130 τείχη
472 1058 892 1123 κατασκάψαντα
917 1059 1008 1112 καὶ
1031 1063 1223 1112 πυλων
1252 1063 1356 1112 ἔσω

260 1143 275 1231 ¹
301 1144 466 1216 λόγχῃ
490 1150 751 1198 πλατεῖαν
777 1140 1071 1246 εἰσδρομὴν
1100 1141 1450 1212 ποιούμενον.

297 1234 495 1284 τοῦτον
519 1250 784 1292 κατακτάς
808 1224 966 1281 πάντ
998 1231 1150 1296 ἔχεις.
1176 1224 1270 1290 τὰς
1294 1223 1345 1280 δ’
1368 1222 1625 1297 Έκτορος
1677 1238 1756 1281 605

301 1311 464 1376 εὐνὰς
489 1317 650 1367 ἔασον
674 1313 766 1366 καὶ
793 1310 1134 1383 καρατόμους
1158 1309 1400 1381 σφαγάς·

300 1403 447 1452 ἔσται
472 1395 573 1467 γὰρ
602 1392 749 1470 αὐτῷ
775 1395 1014 1459 θάνατος
1038 1397 1089 1461 ἐξ
1117 1392 1278 1465 ἄλλης
1303 1393 1476 1464 χερός.

300 1477 541 1536 δέσποιν’
565 1477 790 1550 Ἀθάνα,
819 1482 1132 1550 φθέγματος
1155 1478 1257 1549 γὰρ
1284 1476 1538 1549 ᾐσθόμην

297 1571 397 1620 τοῦ
426 1570 527 1620 σοῦ
553 1564 773 1635 συνήθη
798 1570 1001 1635 γῆρυν·
1029 1566 1088 1618 ἐν
1115 1563 1332 1619 πόνοισι
1356 1561 1459 1633 γὰρ

299 1645 533 1720 παροῦσ’
564 1645 790 1719 ἀμύνεις
814 1661 923 1713 τοῖς
948 1651 1094 1719 ἐμοῖς
1117 1645 1208 1703 ἀεί
1228 1665 1384 1702 ποτε·
1676 1660 1760 1702 610

298 1732 394 1789 τὸν
418 1730 595 1803 ἄνδρα
621 1731 674 1788 δ’
702 1730 833 1804 ἡμῖν
858 1739 965 1788 ποῦ
994 1732 1357 1803 κατηύνασται
1383 1731 1615 1803 φράσον,

297 1817 474 1873 πόθεν
497 1818 743 1873 τέτακται
770 1817 1056 1889 βαρβάρου
1086 1815 1506 1888 στρατεύματος;

299 1899 384 1957 ὅδ’
415 1899 578 1972 ἐγγὺς
607 1895 765 1972 ἧσται
787 1899 888 1956 κού
914 1901 1313 1973 συνήθροισται
1338 1905 1566 1972 στρατῷ,

299 1982 420 2041 ἀλλ’
449 1983 600 2051 ἐκτὸς
630 1983 800 2042 αὐτὸν
824 1987 1028 2052 τάξεων
1053 1984 1390 2057 κατηύνασεν

285 2067 523 2142 ’Έκτωρ,
545 2072 645 2135 ἕως
669 2067 738 2126 ἂν
762 2069 860 2136 νὺξ
888 2068 1180 2141 ἀμείψηται
1205 2069 1359 2140 φάος.
1677 2079 1759 2123 615

299 2157 463 2220 πέλας
486 2155 547 2210 δὲ
569 2162 743 2211 πῶλοι
769 2161 1025 2227 Θρῃκίων
1051 2158 1101 2221 ἐξ
1127 2152 1382 2225 ἁρμάτων

299 2241 491 2295 λευκαὶ
515 2241 792 2311 δέδενται,
820 2245 1137 2311 διαπρεπεῖς
1162 2241 1221 2294 ἐν
1248 2235 1496 2309 εὐφρόνῃ
1517 2254 1521 2255 ’

299 2331 581 2395 στίλβουσι
611 2322 664 2380 δ’
693 2321 830 2380 ω’στε
854 2329 1124 2394 ποταμίου
1148 2321 1359 2378 κύκνου
1389 2318 1602 2391 πτερόν.

299 2408 496 2474 ταύτας
519 2409 808 2473 κτανόντες
833 2408 1102 2478 δεσπότην
1125 2412 1384 2476 κομίζετε,

300 2492 588 2549 κάλλιστον
611 2501 778 2558 οἴκοις
803 2497 1034 2548 σκῦλον·
1068 2488 1134 2546 ού
1158 2488 1261 2561 γὰρ
1287 2485 1409 2545 ἔσθ’
1437 2485 1579 2543 ὅπου
1674 2501 1758 2543 620

302 2575 509 2633 τοιόνδ’
543 2575 716 2649 ὄχημα
738 2576 898 2662 x&
918 2577 1154 2631 κέκευθε
1177 2572 1440 2629 πωλικόν.
1535 2592 1555 2638 x

299 2661 602 2732 Διόμηδες,
628 2658 662 2732 ἢ
689 2660 758 2716 σὺ
783 2673 962 2716 κτεῖνε
987 2659 1228 2732 Θρῄκιον
1253 2657 1413 2728 λεών,

300 2741 335 2815 ἢ
362 2742 475 2815 ’μοὶ
498 2745 665 2816 πάρες
689 2769 776 2816 γε,
803 2747 890 2801 σοὶ
915 2744 974 2799 δὲ
1000 2742 1101 2816 χρὴ
1127 2743 1346 2808 πώλους
1363 2746 1567 2812 μέλειν.

301 2827 407 2899 ε’γω
436 2829 718 2901 φονεύσω,
748 2827 1194 2900 πωλοδαμνήσεις
1219 2827 1280 2883 δὲ
1306 2826 1398 2882 σύ·
