2018 3117
198 92 296 143 186

197 242 343 289 ΣΕΙ.

195 411 308 458 ΚΤ.

195 496 308 544 ΚΤ.

197 580 313 629 ΟΔ.

193 664 308 713 ΚΤ.

192 749 308 798 ΚΤ.

196 834 312 883 ΟΔ.

192 1005 243 1054 Κ
251 1007 307 1053 Τ.

195 1091 312 1139 ΟΔ.

192 1345 245 1393 Κ
249 1346 305 1393 Τ.

191 2109 339 2159 ΣΕῙ.

193 2195 249 2244 Κ
253 2197 309 2243 Γ

194 2279 342 2329 ΣΕῙ.

192 2365 309 2413 XO

192 2449 339 2499 ΣΕῙ.

197 2535 314 2582 ΟΔ.

869 92 1112 140 ΚΤΚΛΩ
1125 94 1181 139 Ψ

387 237 486 300 θές
512 257 619 291 νυν
642 232 739 288 τὸν
763 228 970 303 ἀγκῶν’
1003 229 1302 331 εὐρύθμως
1316 277 1330 305 ,
1360 227 1481 307 κᾷτ’
1511 240 1680 306 ἔκπιε,

387 337 570 390 ωσπερ
597 315 652 390 μ’
684 314 817 390 ὁρᾷς
841 323 1075 372 πίνοντα
1098 315 1315 391 χεόσπερ
1340 317 1541 374 οὐκέτι.

380 405 414 458 ἀ
438 405 499 475 ἀ,
524 409 582 459 τί
602 402 850 503 δράσεις,;
875 409 1023 457 ΣΕΙ.
1050 399 1224 473 ἡδέως
1253 400 1540 474 ἠμύστισα.

382 447 503 562 λοὶβζ
512 533 525 559 ‚
549 482 590 543 ὦ
613 484 735 557 ξέν’,
766 484 931 552 αὐτὸς
957 486 1201 558 οἰνοχόος
1224 490 1286 543 τέ
1306 511 1398 559 μοι
1421 494 1607 559 γενοῦ.

381 573 744 645 γιγνώσκεται
768 578 907 643 γοῦν
934 570 1176 640 ἄμπελος
1196 570 1341 643 τήμῇ
1361 580 1489 643 χερί.

381 655 506 729 φέρ’
538 657 728 729 ἔγχεόν
752 681 876 712 νυν.
909 665 1024 712 ΟΔ.
1053 660 1247 729 ἐγχέω,
1273 665 1401 729 σίγα
1426 658 1613 729 μόνον.

376 742 616 814 χαλεπὸν
640 739 758 798 τόδ’
791 742 971 812 εἴπας,
999 741 1145 807 ὅστις
1171 739 1238 797 ἄν
1271 748 1369 816 πίῃ
1396 748 1594 800 πολύν.

384 827 507 884 ἰδοὺ
533 826 721 900 λαβὼν
746 833 936 883 ἔκπιθι
959 830 1050 882 καὶ
1074 828 1248 899 μηδὲν
1272 835 1448 901 λίπῃς.

381 922 754 969 συνεκθανεῖν
780 913 840 968 δὲ
865 919 1087 968 σπῶντα
1111 912 1212 985 χρὴ
1238 919 1311 987 τῷ
1337 913 1566 984 πώματι.

379 1011 582 1069 παπαῖ,
609 996 788 1069 σοφόν
812 1020 874 1069 γε
900 996 959 1053 τὸ
990 997 1157 1064 ξύλον
1181 1004 1274 1069 τῆς
1307 996 1570 1069 ἀμπέλου.

379 1079 484 1138 κᾶν
510 1083 610 1154 μὲν
635 1083 842 1154 σπάσῃς
869 1106 930 1153 γε
956 1084 1101 1138 δαιτὶ
1126 1081 1262 1152 πρὸς
1286 1089 1461 1154 πολλῇ
1486 1082 1681 1153 πολύν,

380 1170 566 1239 τέγξας
592 1165 794 1231 ἄδιψον
817 1167 1023 1238 νηδύν,
1053 1173 1128 1231 εἰς
1153 1165 1333 1222 ὕπνον
1362 1174 1573 1238 βαλεῖς·

383 1249 453 1324 ἦν
478 1251 535 1308 δ’
566 1255 790 1324 ἐκλίπῃς
816 1276 865 1306 τι
882 1296 895 1322 ,
923 1256 1151 1323 ξηρανεῑ
1172 1250 1222 1307 σ’
1253 1249 1281 1308 ὁ
1307 1252 1557 1323 Βάκχιος.

377 1336 463 1393 ἰοὺ
491 1337 598 1408 ἰού,

384 1419 455 1486 ὡς
481 1423 736 1489 ε’ξένευσα
762 1421 945 1493 μόγις·
973 1419 1204 1494 ἄκρατος
1229 1419 1262 1493 ἡ
1286 1422 1461 1495 χάρις·

383 1506 409 1562 ὁ
437 1504 488 1562 δ’
520 1505 757 1579 οὐρανός
779 1529 872 1578 μοι
898 1510 1337 1579 συμμεμιγμένος
1364 1512 1519 1563 δοκεῖ

380 1597 445 1665 τῇ
470 1598 539 1665 γῇ
566 1594 866 1664 φέρεσθαι,
893 1597 991 1646 τοῦ
1015 1592 1152 1656 Διός
1177 1615 1234 1647 τε
1257 1590 1354 1647 τὸν
1378 1591 1591 1665 θρόνον

382 1677 598 1733 λεύσσω
626 1675 687 1732 τὸ
713 1683 823 1732 πᾶν
856 1699 913 1731 τε
941 1677 1224 1748 δαιμόνων
1249 1673 1421 1747 ἁγνὸν
1446 1678 1624 1749 σέβας.

383 1760 487 1818 οὐκ
514 1759 582 1817 ἂν
609 1758 895 1833 φιλήσαιμ’
921 1779 930 1789 ·
960 1765 1020 1816 αἱ
1040 1761 1273 1834 Χάριτες
1297 1767 1535 1832 πειρῶσί
1554 1783 1636 1832 με.

384 1845 502 1912 ἅλις
526 1846 865 1918 Γανυμήδην
889 1844 1042 1901 τόνδ’
1074 1853 1213 1917 ἔχων
1237 1844 1626 1917 ἀναπαύσομαι

384 1933 645 1988 κάλλιστα
669 1932 738 2003 νὴ
764 1930 858 1995 τὰς
884 1931 1138 2004 Χάριτας.
1166 1928 1365 2003 ἥδομαι
1391 1934 1456 1987 δέ
1477 1954 1590 1996 πως

384 2031 495 2082 τοῖς
522 2022 825 2072 παιδικοῐσι
852 2022 1061 2086 μᾶλλον
1085 2014 1119 2088 ἢ
1143 2030 1254 2082 τοῖς
1279 2018 1528 2088 θήλεσιν.

384 2101 489 2174 ἐγώ
517 2101 619 2172 γὰρ
646 2100 673 2156 ὁ
699 2101 836 2165 Διός
865 2107 973 2172 εἰμι
999 2102 1357 2173 Γανυμήδης,
1384 2101 1659 2167 Κύκλωψ;

1771 417 1852 461 565

1771 842 1854 886 570

1768 1263 1852 1308 575

1769 1689 1852 1732 580

1769 2115 1850 2158 585

380 2189 475 2243 ναὶ
499 2185 572 2258 μα
595 2183 712 2255 Δί’,
741 2183 807 2241 ὃν
832 2183 1049 2257 ἁρπάζω
1076 2184 1129 2257 γ’
1161 2185 1265 2258 ε’γώ
1295 2184 1347 2241 ’κ
1375 2193 1468 2257 τῆς
1491 2185 1810 2257 Δαρδάνου.

389 2269 674 2341 ἀπόλωλα,
703 2276 919 2335 παῖδες·
948 2274 1163 2342 σχέτλια
1189 2277 1446 2342 πείσομαι
1480 2271 1636 2326 κακά.

382 2359 582 2429 μέμφει
607 2355 705 2412 τὸν
730 2354 963 2428 ἐραστὴν
987 2353 1308 2430 κᾶντρυφᾷς
1334 2355 1651 2423 πεπωκότας

387 2451 558 2512 οἴμοι·
586 2441 917 2512 πικρότατον
942 2440 1097 2496 οἶνον
1122 2437 1325 2512 ὄψομαι
1350 2441 1499 2511 τάχα.

384 2549 482 2597 αγε
507 2527 601 2597 δή,
627 2526 916 2582 Διονύσου
941 2530 1159 2596 παῖδες,
1188 2524 1386 2598 εὐγενῆ
1414 2528 1593 2596 τέκνα,

385 2615 550 2666 ἔνδον
572 2611 673 2682 μὲν
698 2608 836 2683 ἁνήρ
853 2612 966 2685 ’τῷ
994 2608 1046 2666 δ’
1077 2608 1236 2685 ὕπνῳ
1264 2612 1590 2682 παρειμένος

385 2693 502 2766 τάχ’
532 2698 583 2762 ἐξ
611 2693 875 2760 ἄναιδοῦς
899 2696 1148 2766 φάρυγος
1175 2693 1383 2767 ὦθήσει
1407 2696 1561 2765 κρέα,

387 2778 550 2844 δαλὸς
577 2777 631 2836 δ’
660 2787 874 2836 ἔσωθεν
900 2777 1110 2835 αὐλίων
1136 2777 1278 2836 ὠθεῖ
1297 2777 1526 2837 καπνόν.

1768 2538 1847 2581 59(
