2018 3117
232 1468 345 1518 ΠΤ.

235 2063 340 2112 ΟΡ.

235 2233 331 2282 [Φ.

584 131 962 178 ΙΦΙΓΕΝΕΙΑ
996 131 1055 176 H
1077 130 1169 177 EN
1210 131 1510 176 ΤΑΥΡΟΙΣ

413 272 627 344 τύμβον
652 294 708 326 τε
733 276 915 341 χῶσον
941 267 1177 335 κάπίθες
1202 270 1441 341 μνημεῖά
1463 293 1574 342 μοι,

414 359 508 414 καὶ
534 352 731 427 δάκρυ’
761 353 978 427 ἀδελφὴ
1004 356 1096 410 καὶ
1121 354 1293 425 κόμας
1319 354 1462 410 δότω
1488 355 1658 432 τάφῳ.

417 440 654 513 ἄγγελλε
681 437 736 495 δ’
766 437 838 504 ὠς
862 437 1027 495 ὄλωλ’
1057 437 1158 495 ὑπ’
1190 436 1439 511 Ἀργείας
1464 438 1614 506 τινὸς

415 525 711 598 γυναικός,
740 522 882 596 ἀμφὶ
905 524 1096 596 βωμὸν
1122 522 1408 595 ἁγνισθεὶς
1434 524 1606 600 φόνῳ.

415 613 508 667 καὶ
532 634 604 682 μη
630 615 849 685 προδῶς
873 633 980 681 μου
1003 608 1103 682 τὴν
1130 609 1468 681 κασιγνήτην
1503 611 1652 680 ποτέ,

416 702 589 804 ἔρημα
615 695 767 800 κήδη
785 696 877 750 καὶ
904 691 1156 766 δόμους
1133 701 1282 763 ορῶν
1308 693 1526 765 πατρός.

417 782 511 837 καὶ
534 777 710 852 χαῖρ’·
742 783 889 851 ἐμῶν
915 779 1017 851 γὰρ
1046 785 1312 852 φίλτατον
1337 777 1388 834 6’
1409 780 1590 852 ηὗρον
1615 785 1798 851 φίλων

420 867 461 921 ὠ
488 865 807 937 συγκυναγε
833 867 924 920 καὶ
951 866 1354 936 συνεκτραφεὶς
1380 867 1518 936 ἐμοί,

420 974 461 1006 ω
488 948 648 1007 πόλλ’
678 949 921 1021 ε’νεγκῶν
947 956 1057 1005 τῶν
1086 953 1232 1021 ἐμῶν
1259 947 1403 1020 αχθη
1430 955 1634 1004 κακῶν.

415 1033 553 1108 ἡμᾶς
579 1032 688 1092 δ’ὁ
715 1042 918 1106 Φοῖβος
941 1058 1130 1106 μαντις
1157 1031 1236 1090 ῶν
1262 1034 1559 1100 ἐψεύσατο·

418 1123 616 1192 τέχνην
642 1120 702 1176 δε
727 1122 963 1191 θέμενος
988 1144 1059 1184 ως
1085 1116 1407 1189 προσώταθ’
1441 1117 1700 1183 Ελλαδος

419 1203 656 1307 απήλὶῑασ
686 1210 838 1260 αι’δοῖ
858 1211 969 1260 τῶν
995 1226 1166 1272 παρος
1190 1227 1605 1275 μαντευματων.

419 1292 460 1346 ῶ
489 1287 651 1346 παντ’
685 1287 789 1360 ἐγὼ
818 1288 949 1354 δοὺς
973 1288 1113 1359 ταμὰ
1138 1291 1229 1344 καὶ
1254 1290 1505 1353 πεισθεὶς
1530 1288 1730 1360 λόγοις,

420 1378 625 1447 μητέρα
650 1397 920 1440 κατακτας
946 1371 1111 1439 αυτὸς
1137 1371 1571 1445 ἀνταπόλλυμαι.

420 1467 569 1516 ἔσται
596 1459 769 1531 τάφος
794 1478 908 1529 σοι,
936 1460 1026 1515 καὶ
1054 1458 1387 1531 κασιγνήτης
1423 1462 1576 1530 λέχος

421 1543 527 1602 οὐκ
554 1541 622 1600 ἂν
648 1549 947 1615 προδοίην,
977 1536 1021 1600 ῶ
1046 1545 1233 1615 τάλας,
1261 1548 1384 1600 ἐπεί
1415 1540 1466 1600 σ’
1497 1542 1603 1616 ε’γῶ

419 1630 667 1687 θανόντα
690 1635 901 1700 μᾶλλον
925 1626 959 1700 ἢ
983 1627 1255 1701 βλέπονθ’
1285 1631 1385 1696 ἔξω
1412 1635 1595 1701 φίλον.

421 1712 556 1786 ἀτὰρ
582 1713 642 1771 τὸ
669 1719 767 1769 τοῦ
793 1720 935 1769 θεοῦ
961 1711 1014 1769 σ’
1045 1711 1111 1769 οὐ
1139 1715 1444 1785 διέφθορέν
1470 1716 1534 1785 γέ
1556 1736 1641 1769 πω

420 1801 733 1871 μάντευμα,
761 1805 941 1854 καίτοι
967 1796 1022 1870 γ’
1054 1799 1219 1871 ἐγγυς
1245 1802 1475 1870 ἕστηκας
1501 1799 1701 1870 φόνου.

422 1883 542 1941 ἄλλ’
574 1890 722 1940 ἔστιν
748 1881 946 1955 ἕστινὴ
974 1890 1101 1939 λίαν
1127 1886 1437 1955 δυσπραξία

420 1976 546 2026 λίαν
573 1974 807 2025 διδοῦσα
831 1969 1161 2040 μεταβολάς,
1190 1967 1323 2026 ὅταν
1348 1969 1501 2041 τύχῃ.

423 2062 574 2127 σίγα·
601 2053 665 2110 τὰ
692 2060 905 2126 Φοίβου
932 2051 984 2109 δ’
1015 2051 1187 2110 οὐδὲν
1213 2051 1422 2126 ὠφελεῖ
1442 2051 1500 2125 μ’
1530 2059 1631 2126 ἔπη

424 2139 564 2212 γυνὴ
598 2139 701 2212 γὰρ
729 2136 828 2210 ἥδε
854 2139 1123 2210 δωμάτων
1151 2142 1250 2206 ἔξω
1275 2145 1434 2213 περᾷ.

423 2222 696 2281 ἀπέλθεθ’
728 2221 885 2295 ὑμεῖς
909 2226 1001 2279 καὶ
1027 2231 1484 2296 παρευτρεπίζετε

425 2308 631 2366 τᾶνδον
655 2309 916 2381 μολόντες
939 2321 1052 2374 τοῖς
1077 2312 1348 2381 ἐφεστῶσι
1373 2317 1577 2381 σφαγῇ.

429 2397 625 2451 δέλτου
651 2395 751 2466 μὲν
780 2399 901 2449 αἵδε
926 2394 1244 2465 πολύθυροι
1269 2399 1582 2464 διαπτυχαί,

425 2482 599 2549 ξένοι,
627 2480 907 2550 πάρεισιν·
935 2475 969 2534 «32
995 2476 1048 2534 δ’
1079 2481 1167 2534 ἐπὶ
1192 2483 1374 2534 τοῖσδε
1401 2479 1690 2550 βούλομαι,

425 2561 689 2621 ἀκούσατ’
713 2584 723 2593 ·
754 2562 939 2629 οὐδεὶς
965 2561 1132 2629 αὐτὸς
1159 2567 1218 2620 ἐν
1244 2564 1435 2629 πόνοις
1467 2567 1513 2618 τ’
1554 2568 1695 2638 ἀνὴρ

429 2646 561 2705 ὅταν
586 2673 642 2704 τε
668 2648 804 2719 πρὸς
828 2648 886 2705 τὸ
914 2649 1121 2719 θάρσος
1146 2652 1204 2704 ἐκ
1231 2649 1415 2720 φόβου
1442 2650 1597 2721 πέσῃ.

426 2732 532 2806 ἐγώ
558 2734 619 2790 δὲ
642 2739 825 2806 ταρβῶ
851 2732 921 2805 μὴ
939 2728 1315 2805 ἀπονοστήσας
1341 2732 1545 2805 χθονὸς

429 2825 595 2890 θῆται
620 2816 750 2888 παρ’
779 2816 945 2874 οὐδὲν
965 2818 1057 2884 τὰς
1082 2817 1210 2890 ἐμὰς
1238 2818 1524 2884 ἐπιστολὰς

425 2902 454 2960 ὁ
480 2904 645 2975 τήνδε
668 2906 882 2975 μέλλων
911 2906 1104 2959 δέλτον
1131 2909 1205 2968 είς
1223 2901 1424 2978 ’Ἁργος
1448 2907 1659 2976 φέρειν.

1805 537 1887 583 705

1810 962 1892 1008 'Ilo

1811 1387 1893 1431 715

1811 1808 1895 1856 720

1812 2234 1895 2280 725

1814 2659 1894 2705 730
