2018 3117
607 518 1179 574 ΥΠΟΘΕΣΙΣ.

226 735 502 802 Ἐτεοκλῆς
534 729 865 802 παραλαβών
901 729 1002 799 τὴν
1030 735 1141 784 τῶν
1165 735 1365 800 Θηβῶν
1388 736 1672 801 βασιλείαν

92 816 382 885 α’ποστερεῖ
404 819 504 868 τοῦ
535 815 733 882 μέρους
767 810 863 865 τὸν
896 808 1140 879 ἀδελφὸν
1159 816 1534 880 Πολυνείκην·
1558 832 1671 879 φυ-

91 896 189 968 γὰς
227 899 284 950 δὲ
323 899 397 958 εἰς
422 891 620 961 ’Ἄργος
657 894 862 955 ἐκεῖνος
899 890 1343 959 παραγενόμενος
1374 895 1537 960 ἔγημε
1569 889 1669 958 τὴν

90 979 369 1047 θυγατέρα
397 980 497 1030 τοῦ
519 974 779 1044 βασιλέως
802 971 1101 1040 Ἀδράστου
1117 1013 1131 1041 ,
1168 979 1456 1026 κατελθεῖν
1477 976 1551 1035 εἰς
1570 970 1671 1040 τὴν

91 1061 322 1125 πατρίδα
357 1056 829 1127 φιλοτιμούμενος.
883 1055 972 1109 καὶ
1009 1058 1196 1118 πείσας
1236 1053 1333 1107 τὸν
1372 1053 1712 1122 πενθερόν,5

90 1139 462 1207 συνήθροισεν
499 1134 795 1204 ἀξιόχρεων
829 1133 1063 1204 στρατὸν
1095 1134 1180 1188 ἐπὶ
1202 1134 1386 1204 Θήβας
1408 1134 1541 1187 κατὰ
1567 1138 1666 1187 τοῦ

90 1219 354 1289 ἀδελφοῦ.
377 1218 409 1288 ἡ
434 1220 492 1272 δὲ
514 1219 685 1288 μήτηρ
703 1217 940 1287 Ἰοκάστη
962 1220 1177 1270 ἔπεισεν
1193 1215 1365 1269 αὐτὸν
1382 1212 1670 1270 ὑπόσπον-

90 1304 188 1354 δον
210 1305 478 1355 εἰσελθεῖν
507 1303 579 1362 εἰς
598 1296 698 1366 τὴν
725 1297 888 1352 πόλιν
907 1299 994 1351 καὶ
1018 1300 1374 1366 διαλεχθῆναι
1394 1295 1669 1365 πρότερον

91 1380 226 1449 πρὸς
245 1379 345 1434 τὸν
367 1378 614 1448 ἀδελφὸν
635 1380 756 1444 περὶ
781 1383 875 1447 τῆς
895 1376 1061 1447 ἀρχῆς
1077 1400 1087 1410 ·
1111 1375 1668 1446 δεινοπροσωπήσαν-

89 1481 178 1524 τος
198 1462 256 1514 δὲ
284 1460 392 1514 ὑπὸ
424 1466 517 1529 τῆς
546 1462 875 1528 τυραννίδος
904 1463 1004 1512 τοῦ
1027 1456 1368 1522 Ἐτεοκλέους
1391 1455 1423 1527 ἡ
1446 1459 1545 1526 μὲν
1568 1454 1668 1511 Ἰο-
1687 1470 1740 1513 10

89 1540 257 1608 κάστη
291 1551 623 1609 συναγαγεῖν
649 1539 714 1594 τὰ
745 1543 906 1594 τέκνα
939 1544 1013 1604 εἰς
1045 1545 1233 1608 φιλίαν
1266 1537 1368 1593 οὐκ
1396 1538 1667 1609 ἠδύνατο·

90 1624 432 1690 Πολυνείκης
452 1623 511 1674 δὲ
543 1619 615 1684 ὠς
636 1620 771 1689 πρὸς
792 1623 1054 1690 πολέμιον
1075 1621 1274 1675 λοιπὸν
1295 1619 1670 1690 παραταξόμε-

91 1723 184 1764 νος
205 1700 515 1771 ἀνεχώρησε
535 1708 629 1771 τῆς
662 1703 885 1767 πόλεως.
928 1706 1120 1772 ἔχρησε
1142 1701 1246 1755 δὲ’
1220 1724 1247 1756 ο
1284 1707 1562 1770 Τειρεσίας
1584 1706 1671 1754 νί-

87 1804 190 1851 κην
211 1787 435 1837 ἔσεσθαι
457 1793 568 1846 τοῖς
592 1788 886 1882 Θηβαίοις,
927 1783 1023 1837 εἀν
1049 1781 1075 1838 6
1109 1794 1232 1847 παῖς
1252 1786 1525 1865 Κρέοντος
1546 1787 1669 1835 Με-

90 1862 308 1927 νοικεύς
339 1879 577 1932 σφαγιον
592 1861 746 1931 ’Ἄρει
777 1867 1036 1933 γένηται.
1047 1861 1073 1918 6
1103 1885 1203 1933 μεν
1225 1866 1328 1917 οὐν
1348 1864 1540 1932 Κρέων
1566 1860 1669 1932 ήρ-
1685 1877 1742 1918 15

87 1944 288 2012 νήσατο
311 1946 598 1998 ἐπιδοῦναι
619 1950 683 2015 τῇ
704 1945 856 1999 πόλει
877 1943 976 1999 τὸν
996 1950 1187 2000 παῖδα·
1233 1944 1261 1999 6
1293 1945 1353 1998 δε
1381 1948 1669 2008 νεανίσκος

92 2024 346 2095 ἐβούλετο
377 2027 465 2080 καὶ
494 2030 595 2079 τοῦ
623 2025 826 2095 πατρὸς
847 2029 992 2099 αυτῷ
1014 2026 1203 2097 φυγὴν
1221 2026 1357 2098 μετὰ
1377 2029 1670 2097 χρημάτων

88 2105 337 2170 διδόντος
365 2104 561 2160 ἑαυτὸν
579 2108 907 2176 ἀποσφάξαι.
933 2109 1022 2163 καὶ
1053 2108 1120 2178 δὴ
1150 2109 1241 2163 καὶ
1278 2111 1488 2178 ἔπραξε.
1554 2115 1668 2177 Θη-

87 2191 232 2254 βαῖοι
260 2186 318 2239 δε
339 2186 468 2251 τοὺς
493 2183 765 2256 ἡγεμόνας
784 2209 896 2242 των
913 2188 1174 2259 Ἀργείων
1194 2192 1454 2258 ἔσφαξαν.
1491 2187 1668 2244 Ἐτεο-

87 2271 217 2334 κλῆς
244 2268 301 2320 δὲ
332 2269 421 2321 καὶ
449 2273 790 2337 Πολυνείκης
819 2271 1296 2340 μονομαχήσαντες
1323 2269 1543 2324 ἀνεῖλον
1565 2268 1664 2325 ἆλ-
1682 2284 1739 2326 20

86 2346 302 2447 λήλους.
323 2369 356 2416 η
377 2369 476 2416 μεν
497 2369 601 2402 ουν
620 2350 793 2420 μήτηρ
815 2348 1003 2404 αυτεὸν
1026 2349 1268 2418 εὑροῦσα
1289 2350 1524 2420 νεκροὺς
1537 2351 1668 2415 τοὺς

85 2430 243 2490 υιους
279 2431 512 2496 ἔσφαξεν
542 2430 767 2500 ἑαυτήν·
809 2429 836 2483 6
869 2430 928 2484 δε
955 2453 1156 2500 ταυτης
1195 2430 1438 2501 ἀδελφὸς
1469 2434 1665 2502 Κρέων

85 2511 356 2579 παρέλαβε
382 2509 481 2579 τὴν
513 2517 809 2581 βασιλείαν.
853 2514 908 2565 οἱ
928 2513 986 2566 δὲ
1008 2510 1239 2581 Ἀργεῖοι
1262 2517 1582 2582 νικηθέντες
1602 2519 1667 2584 τῇ

83 2589 224 2660 μάχῃ
258 2591 626 2660 ἀνεχώρησαν.
688 2595 883 2661 Κρέων
914 2591 974 2646 δὲ
1010 2597 1288 2662 δυσχερως
1323 2597 1510 2664 φέρων
1535 2593 1666 2657 τούς

84 2690 185 2736 μεν
206 2667 314 2724 ὑπὸ
337 2692 400 2741 τῃ
381 2675 657 2744 Καδμεία
677 2694 788 2726 των
808 2677 1085 2742 πολεμίων
1104 2675 1372 2739 πεσόντας
1392 2674 1496 2729 οὐκ
1525 2678 1662 2728 ἔδω·
1678 2688 1734 2730 25

84 2770 181 2802 κεν
220 2754 294 2814 εἰς
329 2752 536 2822 ταφήν,
581 2758 932 2822 Πολυνείκην
970 2756 1028 2809 δε
1072 2751 1380 2823 ἄκήδευτον
1417 2760 1660 2856 ἔρριψεν,

89 2833 360 2884 Οἰδίπουν
381 2832 440 2885 δὲ
462 2833 684 2902 φυγάδα
708 2840 803 2904 τῆς
823 2835 1074 2908 πατρῴας
1093 2834 1437 2907 ἀπέπεμψεν,
1477 2834 1558 2907 ἐφ’
1583 2856 1664 2890 ων
