2018 3117
85 251 114 299 1
117 251 182 299 Φ.

86 334 199 384 ΘΟ.

85 417 182 467 ῙΦ.

85 502 197 550 ΘΟ.

89 586 181 634 [Φ.

84 670 199 719 ΘΟ.

81 754 180 803 ῙΦ.

85 838 198 887 ΘΟ.

82 922 178 971 ῙΦ.

83 1007 197 1056 ΘΟ.

82 1091 179 1140 ῙΦ.

80 1260 177 1308 ΙΦ.

80 1428 176 1476 ΙΦ.

80 1596 177 1645 ῙΦ.

81 1764 177 1812 ΙΦ.

81 1932 177 1981 ῙΦ.

81 2100 176 2149 ΙΦ.

85 2260 177 2309 ῙΦ.

82 2421 176 2470 ῙΦ.

83 2581 178 2631 ῙΦ.

84 2742 181 2792 ΙΦ.

452 106 819 153 ΙΦΙΓΕΝΕΙΑ
853 106 912 150 Η
941 105 1034 152 ΕΝ
1069 104 1361 152 ΤΑΥΡΟΙΣ
1659 104 1725 153 99

269 243 520 300 θάλασσα
542 244 724 312 κλύζει
748 244 923 300 πάντα
946 240 1294 315 τάνθρώπων
1320 244 1475 300 κακά.

269 324 563 400 ὁσιώτερον
586 335 725 398 γοῦν
749 334 813 401 τῇ
837 331 954 402 θεῷ
980 327 1198 384 πέσοιεν
1221 325 1306 384 ἄν.

269 412 361 467 καὶ
385 408 526 484 τάμά
550 409 604 483 y'
631 409 774 468 οὕτω
798 417 1006 483 μᾶλλον
1031 405 1100 465 ἂν
1122 418 1300 477 καλῶς
1325 419 1450 484 ἔχοι.
1619 427 1726 471 1195

267 492 476 552 οὔκουν
500 494 635 568 πρὸς
658 493 830 552 αὐτὸν
853 492 990 551 ναὸν
1014 498 1260 552 ἐκπίπτει
1284 497 1536 564 κλύδων;

270 582 494 682 ἐρημίας
521 584 632 636 δεῖ·
659 581 750 635 και
775 578 878 651 γὰρ
904 576 1040 634 ἄλλα
1066 579 1355 651 δράσομεν.

269 660 358 735 οἵγ’
389 671 529 721 ἔνθα
550 663 785 737 χρῄζεις
812 661 879 719 ού
907 668 1051 735 φιλῶ
1076 661 1312 734 τᾶρρηθ’
1344 661 1498 737 ὁρᾶν.

271 744 557 819 ἁγνιστέον
579 771 666 818 μοι
693 749 785 804 και
809 746 868 803 τὸ
898 752 991 818 τῆς
1014 753 1154 803 θεοῦ
1178 750 1388 821 βρε’.τας

268 841 418 905 εἴπερ
444 854 505 904 ys
529 833 683 903 κηλις
709 834 873 903 ἔβαλέ
893 854 984 887 νιν
1005 831 1386 904 μητροκτόνος.
1618 847 1727 889 1200

267 912 335 972 ού
359 939 461 987 γαρ
487 912 610 972 ποτ’
639 913 708 971 ἅν
731 940 821 971 νιν
844 912 1062 988 ἠράμην
1085 913 1365 988 βάθρων’
1343 938 1465 971 απο.

265 1005 472 1065 δίκαιος
498 997 753 1072 ηὑσέβεια
778 1002 870 1055 καὶ
893 1005 1194 1072 προμηθία.

267 1083 435 1140 οἶσθά
458 1107 565 1140 νυν
593 1080 630 1139 ἅ
653 1108 745 1156 μοι
769 1087 1048 1157 γενέσθω;
1087 1090 1200 1139 ΘΟ.
1227 1081 1327 1139 σὸν
1351 1081 1410 1139 τὸ
1437 1090 1720 1156 σημαίνειν

824 1167 967 1225 τόδε.

267 1250 439 1323 δεσμὰ
465 1264 575 1317 τοῖς
600 1255 800 1319 ξένοισι
826 1252 1084 1326 πρόσθες.
1125 1259 1239 1307 ΘΟ.
1267 1265 1364 1308 ποῑ
1386 1255 1450 1308 δέ
1471 1250 1522 1308 σ’
1551 1253 1714 1324 ε’κφύ·

825 1360 976 1409 γοιεν
999 1333 1095 1403 ἅν;

266 1419 461 1476 πιστὸν
489 1418 675 1486 Ἑλλὰς
710 1420 862 1477 οἶδεν
896 1417 1078 1477 οὐδέν.
1129 1427 1243 1475 ΘΟ.
1292 1417 1365 1476 ἴτ’
1408 1422 1496 1477 ἐπὶ
1534 1423 1722 1494 δεσμά,

824 1505 1141 1578 πρόσπολοι.
1616 1521 1722 1563 1205

266 1585 707 1659 κάκκομιζόντων
731 1590 792 1645 δὲ
819 1595 986 1661 δεῦρο
1013 1586 1141 1653 τοὺς
1176 1590 1381 1659 ξένους,
1420 1596 1536 1644 ΘΟ.
1578 1596 1724 1646 ἔσται

824 1673 969 1730 τάδε.

266 1763 437 1829 κρᾶτα
463 1757 774 1829 κρύψαντες
799 1761 1101 1814 πέπλοισιν.
1132 1763 1247 1811 ΘΟ.
1288 1754 1450 1828 ἡλίου
1475 1758 1725 1830 πρόσθεν

825 1840 1045 1914 φλογός.

265 1931 379 1981 σῶν
405 1927 466 1981 τέ
483 1948 575 1996 μοι
600 1923 881 1998 σύμπεμπ’
910 1922 1152 1982 ὀπαδῶν.
1192 1931 1306 1980 ΘΟ.
1345 1922 1453 1981 οἵδ’
1483 1923 1725 1999 ὁμαρτή-

824 2016 989 2066 σουσί
1008 2028 1110 2065 σοι.

265 2095 357 2150 καὶ
389 2093 545 2150 πόλει
572 2095 788 2164 πέμψον
812 2091 919 2151 τιν’
960 2091 1106 2158 ὅστις
1143 2105 1380 2165 σημανεῖ
1415 2100 1530 2150 ΘΟ.
1567 2100 1726 2161 ποίας

823 2177 1017 2249 τύχας;

251 2258 309 2310 ἐν
339 2257 529 2326 δόμοις
560 2262 779 2327 μίμνειν
815 2257 1074 2321 ἅπαντας.
1133 2262 1246 2312 ΘΟ.
1281 2254 1351 2325 μὴ
1376 2258 1723 2308 συναντῶσιν

825 2337 1008 2410 φόνῳ;
1612 2348 1724 2389 1210

249 2417 466 2487 μυσαρὰ
503 2420 606 2487 γὰρ
638 2417 702 2472 τὰ
744 2416 920 2472 τοιάδ’
959 2420 1084 2471 ἐστί.
1136 2422 1248 2471 ΘΟ.
1289 2428 1460 2485 στεῖχε
1499 2416 1589 2470 καὶ
1625 2413 1723 2484 σή-

820 2519 979 2568 μαινε
1009 2497 1095 2551 σύ.

252 2580 340 2632 καὶ
377 2584 553 2648 φίλων
590 2600 651 2648 ys
694 2582 780 2633 δεῖ
810 2577 1042 2648 μάλιστα
1080 2583 1192 2632 ΘΟ.
1233 2578 1387 2631 τοῦτ’
1428 2580 1609 2642 ἔλεξας
1649 2580 1722 2639 εἰς

823 2661 930 2730 ἐμέ.
1611 2669 1722 2713 1213

254 2739 444 2808 μηδέν’
488 2750 563 2805 είς
606 2738 737 2805 ὄψιν
785 2741 1049 2807 πελάζειν.
1113 2746 1225 2795 ΘΟ.
1267 2734 1331 2794 εὖ
1376 2761 1434 2808 ys
1474 2737 1723 2806 κηδεύεις

823 2824 1001 2876 πόλιν.
1612 2832 1721 2874 1212

1316 2894 1386 2944 7*
