2018 3117
110 268 220 317 ΚΤ.

107 352 221 400 ΧΟ.

106 435 161 483 Κ
164 437 221 483 Τ.

103 518 220 567 ΧΟ.

106 602 221 650 KY.

104 682 220 734 XO.

104 769 220 818 ΚΤ.

106 1442 251 1490 ΣΕΙ.

103 1525 158 1573 Κ
163 1527 219 1573 Τ.

104 1609 250 1657 ΣΕΙ.

103 1693 158 1741 Κ
163 1695 218 1741 Τ

104 1778 251 1827 ΣΕΙ.

108 2535 223 2586 ΚΤ.

781 120 1020 166 ΚΤΚΛΩ
1033 122 1088 166 Ψ
1650 119 1746 170 175

290 258 513 331 αριστόν
539 263 686 313 ἐστιν
712 251 776 313 εὖ
800 259 1341 329 παρεσκευασμένους

289 342 566 414 πάρεστιν.
594 340 621 397 ὁ
649 342 863 414 φάρυγξ
891 339 1157 412 εὐτρεπὴς
1181 348 1314 397 εστω
1339 341 1510 412 μόνον
1668 358 1749 399 215

288 429 322 498 ἠ
348 428 439 482 καὶ
463 426 727 531 γαλακτός
754 431 856 480 εἰσι
880 431 1145 496 κρατῆρες
1169 427 1343 498 πλέω·
1331 469 1344 491 ,

290 508 417 565 ὥστ’
449 513 657 565 ἐκπιεῖν
681 511 748 580 γε’
767 506 841 577 σ’,
867 505 937 578 ἢν
961 510 1156 579 θέλῃς,
1184 505 1313 564 ὅλον
1338 517 1524 565 πίθον.

291 595 514 665 μήλειον
539 590 573 664 ἦ
598 594 784 664 βόειον
806 589 840 662 ἢ
865 594 1226 662 μεμιγμένους

290 676 354 734 ὃν
380 675 447 734 ἄν
474 680 640 749 θέλῃς
662 675 756 732 σύ·
782 675 854 747 μὴ
872 673 958 746 ’μὲ
982 682 1246 748 καταπίῃς
1269 676 1455 747 μόνον.

289 760 464 834 ἥκιστ’
483 781 494 791 “
521 765 643 817 ἐπεί
659 758 717 831 μ’
746 755 814 814 ἂν
839 763 898 815 ἐν
921 762 1056 832 μέσῃ
1082 766 1146 831 τῇ
1174 764 1392 833 γαστέρι
1666 775 1750 819 220

295 851 572 917 πηδῶντες
599 841 911 900 ἆπολέσαιτ’
941 841 1009 899 ἂν
1033 841 1141 899 ὑπὸ
1172 851 1282 899 τῶν
1307 844 1609 922 σχημάτων.

297 937 382 986 ἔα·
411 927 519 984 τίν’
548 926 711 1000 ὄχλον
735 927 887 984 τόνδ’
917 926 1027 1000 ὁρῶ
1053 926 1189 999 πρὸς
1213 920 1469 996 αὐλίοις,>

294 1020 493 1087 λῃσταί
510 1036 655 1078 τινες
677 1014 938 1083 κατέσχον
965 1009 999 1084 ἢ
1026 1018 1238 1077 κλῶπες
1260 1012 1465 1083 χθόνα;

295 1096 406 1169 ὁρῶ
431 1100 497 1169 γέ
517 1121 601 1153 τοι
624 1094 811 1154 τούσδ’
842 1095 1010 1168 ἄρνας
1034 1100 1085 1164 ἐξ
1114 1095 1331 1169 ἄντρων
1355 1101 1501 1168 ἐμῶν

295 1195 580 1281 στρεπταῖς
603 1181 817 1252 λύγοισι
841 1187 995 1252 σῶμα
1021 1184 1559 1252 συμπεπλεγμένους,
1666 1197 1750 1239 225

294 1266 456 1337 τεύχη
482 1289 538 1321 τε
563 1273 748 1365 τυρῶν
772 1272 1032 1336 συμμιγῆ,
1059 1266 1290 1337 γέροντα
1323 1289 1379 1320 τε

294 1359 522 1422 πληγαῖς
547 1350 842 1423 πρόσωπον
867 1349 1153 1421 φαλακρὸν
1165 1349 1511 1438 ἐξῳδηκότα.

293 1433 456 1506 ὤμοι,
484 1436 736 1506 πυρέσσω
764 1437 1201 1505 συγκεκομμένος
1224 1433 1402 1498 ταλας.

289 1518 396 1574 ὑπὸ
422 1525 549 1585 τοῦς
578 1525 658 1582 τίς
686 1524 760 1581 εἰς
784 1517 883 1572 σὸν
907 1515 1064 1588 κρᾶτ’
1092 1519 1443 1588 ἐπύκτευσεν,
1472 1521 1663 1590 γέρον;

294 1601 401 1658 ὑπὸ
427 1607 631 1671 τῶνδε,
660 1601 934 1672 Κύκλωψ,
963 1599 1046 1657 ὅτι
1073 1601 1137 1656 τὰ
1165 1600 1217 1657 σ’
1247 1599 1348 1657 οὐκ
1376 1609 1505 1657 εἴων
1541 1606 1747 1675 φέρειν.

287 1684 388 1742 οὐκ
412 1679 552 1760 ᾖσαν
575 1684 707 1743 ὅντα
738 1685 876 1742 θεόν
900 1709 966 1757 με
991 1689 1081 1741 καὶ
1105 1693 1258 1741 θεῶν
1283 1684 1418 1753 ἅπο;
1668 1702 1746 1745 231

297 1777 488 1843 ἔλεγον
512 1769 618 1842 ε’γῶ
644 1768 765 1826 τάδ’
785 1789 796 1799 ·
825 1764 877 1825 οἳ
901 1768 957 1826 δ’
986 1771 1231 1843 ἐφόρουν
1257 1770 1323 1826 τὰ
1345 1771 1589 1841 χρήματα

291 1859 383 1910 καὶ
405 1855 501 1912 τόν
525 1879 588 1926 γε
612 1854 783 1927 τυρὸν
808 1852 910 1910 οὐκ
938 1858 1137 1919 ἐῶντος
1160 1852 1364 1925 ἤσθιον

296 1939 424 2005 τούς
448 1937 498 1994 τ’
524 1938 694 2012 ἄρνας
720 1942 1109 2011 ἐξεφοροῦντο·
1139 1939 1400 2010 δήσαντες
1426 1940 1486 1994 δὲ
1512 1941 1571 1995 σὲ

295 2030 452 2079 κλωῶ
478 2024 724 2096 τριπήχει
751 2047 886 2079 κατα
911 2023 1006 2080 τὸν
1031 2022 1283 2094 ὀμφαλὸν
1307 2027 1474 2095 μέσον
1666 2039 1748 2083 235

295 2107 359 2163 τὰ
383 2106 648 2179 σπλαγχν’
659 2115 920 2209 ῗε’φασκον
946 2108 1309 2179 εξαμήσεσθαι
1333 2115 1444 2181 βία,

292 2192 517 2263 μαστιγί
537 2191 584 2248 τ’
615 2194 678 2249 εὐ
703 2190 762 2249 τὸ
786 2199 964 2248 νῶτον
989 2191 1287 2261 απολέψειν
1312 2197 1506 2265 σέθεν,

294 2299 520 2332 καπειτα
545 2277 915 2349 συνδήσαντες
935 2281 1009 2343 εἰς
1030 2281 1285 2335 θαδῶλια

294 2367 386 2431 τῆς
411 2360 542 2433 νηὸς
566 2362 891 2433 ἐμβαλόντες
915 2360 1225 2417 ἀποδώσειν
1250 2364 1359 2416 τινὶ

298 2446 531 2515 πέτρους
552 2447 866 2517 μοχλεύειν,
894 2442 929 2516 ἦ
957 2444 1003 2511 ’ς
1028 2451 1256 2517 μυλῶνα
1283 2451 1628 2516 καταβαλεῖν.
1666 2459 1750 2502 240

293 2525 523 2599 ἅληθες;
551 2527 759 2586 οὔκουν
783 2534 1013 2594 κοπίδας
1043 2527 1115 2594 ῶς
1139 2527 1344 2598 τάχιστ’
1374 2528 1474 2585 ι’ὠν

294 2613 480 2683 θήξεις
503 2620 767 2687 μαχαίρας
802 2616 894 2668 καὶ
921 2615 1094 2684 μέγαν
1118 2612 1359 2683 φάκελον
1383 2613 1563 2680 ξύλων

297 2698 510 2761 επιθεις
534 2695 789 2763 ἆναψεις·
777 2742 790 2764 ,
818 2721 890 2762 ως
914 2700 1214 2768 σφαγέντες
1239 2695 1438 2753 αυτίκα

298 2780 567 2851 πλήσουσι
589 2781 769 2852 νηδυν
792 2781 892 2853 τὴν
917 2781 1052 2852 ε’μὴν
1077 2778 1170 2843 απ’
1166 2778 1481 2859 ανθρακος

295 2863 512 2936 θερμὴν
535 2869 754 2930 ε”δοντος
779 2863 919 2921 δαῖτ’
951 2888 1076 2937 ατερ
1103 2864 1442 2937 κρεανόμων,
1666 2877 1750 2919 245
