2018 3117
221 109 288 158 80

221 425 339 474 XO.

222 596 319 645 ΙΦ.

230 2219 274 2268 Ο
285 2219 335 2267 Ρ.

575 106 955 153 ΙΦΙΓΕΝΕΙΑ
990 106 1050 151 Η
1078 106 1176 152 ΕΝ
1218 105 1516 152 ΤΑΤΡΟῙΣ

414 243 494 304 ὅτ’
523 245 626 303 οὐκ
651 243 850 318 ἄφρων
876 241 955 300 ῶν
978 244 1231 317 μάντεων
1255 247 1507 310 πεισθεὶς
1534 245 1720 317 λόγοις

412 329 623 389 ὄλωλεν
653 329 724 396 ῶς
749 328 924 387 ὄλωλε
947 343 1123 386 τοῖσιν
1151 329 1376 386 εἰδόσιν.

409 425 519 489 φεῦ
546 423 683 489 φεῦ·
713 423 771 472 τί
801 413 855 472 δ’
882 413 1040 488 ἡμῶν
1065 428 1089 455 *
1115 426 1137 454 *
1167 421 1222 470 οἶ
1247 417 1600 486 γεννήτορεςε

411 497 500 576 ἆρ’
533 508 703 569 εἰσίν;
731 494 820 572 ἆρ’
849 498 952 557 οὐκ
981 507 1113 568 εἰσί;
1138 507 1220 565 τίς
1246 500 1512 572 φράσειεν
1539 497 1635 568 ἆνς

409 585 670 645 ἀκούσατ’
690 606 701 616 ·
735 593 811 652 εἰς
836 585 940 658 γὰρ
967 586 1035 658 δή
1061 583 1167 641 τιν’
1196 583 1404 657 ἥκομεν
1428 585 1611 657 λόγον,

410 673 545 746 ὑμῖν
570 671 618 728 τ’
647 669 844 744 ὄνησιν
870 664 913 727 ῶ
937 674 1081 738 ξένοι
1107 668 1409 727 σπεύδουσ’
1439 667 1549 742 ἅμα

413 757 595 832 κάμοί.
623 756 684 815 τὸ
713 756 764 814 δ’
799 750 862 813 εὖ
887 757 1120 828 μάλιστα
1143 762 1307 812 τοῦτο
1330 762 1596 827 γίγνεται,

413 851 464 901 εἰ
485 851 618 901 πᾶσι
643 840 847 900 ταύτὸν
871 840 1078 915 πρᾶγμ’
1108 839 1453 914 ἀρεσκόντως
1479 848 1604 913 ἔχει.

411 932 599 994 θέλοις
625 928 720 1000 ἄν,
750 934 800 984 εἰ
825 928 1067 1000 σώσαιμί
1085 924 1157 997 σ’,
1185 925 1440 999 ἀγγεῖλαί
1459 934 1516 982 τί
1544 951 1636 999 μοι

413 1015 549 1088 πρὸς
568 1013 770 1087 ’Ἄργος
797 1012 981 1070 ἐλθῶν
1005 1027 1116 1077 τοῖς
1142 1015 1288 1084 ἐμοῖς
1313 1016 1427 1068 ἐκεῖ
1450 1019 1649 1084 φίλοις,

413 1103 606 1157 δέλτον
630 1098 678 1156 τ’
709 1104 974 1170 ἐνεγκεῖν,
1002 1096 1072 1170 ἦν
1098 1121 1177 1163 τις
1203 1103 1475 1169 οἰκτείρας
1503 1097 1596 1170 ἐμὲ

413 1193 655 1260 ἔγραψεν
681 1185 1044 1255 αἰχμάλωτος,
1072 1180 1194 1254 οὐχὶ
1219 1182 1320 1254 τὴν
1347 1182 1484 1254 ἐμὴν

414 1273 588 1344 φονέα
612 1277 850 1342 νομίζων
874 1282 1055 1341 χεῖρα,
1082 1275 1179 1324 τοῦ
1204 1267 1379 1339 νόμου
1409 1266 1461 1324 δ’
1491 1264 1603 1324 ὕπο

1805 346 1886 391 575

1805 772 1889 815 580

1806 1196 1890 1239 585

413 1357 686 1428 θνήσκειν
711 1375 846 1426 σφε,
873 1360 966 1426 τῆς
991 1360 1132 1410 θεοῦ
1167 1353 1297 1409 τάδε
1334 1350 1507 1409 δίκαι’
1547 1351 1888 1426 ἡγουμένης;

413 1439 619 1498 οὐδένα
644 1440 748 1514 γὰρ
777 1440 923 1511 εἶχον
949 1437 1096 1505 ὅστις
1120 1440 1387 1509 Ἀργόθεν
1425 1441 1612 1508 μολών

418 1533 493 1592 εἰς
521 1531 712 1600 Ἄργος
738 1519 907 1590 αὖθις
932 1524 1026 1590 τὰς
1053 1523 1181 1596 ἐμὰς
1207 1523 1490 1589 ἐπιστολὰς

414 1615 645 1684 πέμψειε
673 1613 878 1675 σωθεὶς
905 1617 1017 1666 τῶν
1043 1614 1188 1681 ἐμῶν
1213 1615 1396 1681 φίλων
1419 1614 1547 1664 τινί.

415 1697 484 1754 σὺ
514 1696 587 1767 δ’,
618 1697 819 1768 εἶ’γαρ,
849 1693 920 1761 ῶς
947 1702 1154 1765 ἔοικας,
1191 1692 1318 1750 οὔτε
1343 1693 1616 1766 δυσγενὴς

415 1785 506 1839 καὶ
530 1782 623 1847 τὰς
651 1782 928 1853 ΝῙυκήνας
947 1780 1113 1836 οἶσθα
1136 1776 1268 1851 χοῦς
1292 1777 1442 1851 κᾶγῶ
1467 1782 1635 1849 θέλω,

414 1869 626 1939 σώθητι
652 1869 744 1923 καὶ
771 1866 840 1923 σὺ
866 1865 1074 1938 μισθὸν
1100 1863 1203 1922 οὐκ
1229 1863 1457 1936 αἰσχρὸν
1481 1863 1669 1936 λαβὼν

415 1953 650 2025 κούφων
677 1956 826 2009 ἕκατι
852 1952 1189 2024 γραμμάτων
1213 1957 1509 2022 σωτηρίαν.

416 2031 575 2104 οὗτος
601 2036 674 2108 δ’,
705 2042 929 2108 ἐπείπερ
955 2037 1111 2102 πόλις
1137 2034 1427 2107 ἀναγκάζει
1452 2036 1599 2106 τάδε,

416 2130 524 2198 θεᾷ
549 2125 800 2196 γενέσθω
827 2129 984 2194 θῦμα
1008 2123 1305 2194 χωρισθεὶς
1334 2123 1519 2176 σέθεν.

412 2216 593 2274 καλῶς
619 2215 802 2276 ἔλεξας
825 2204 996 2263 τᾶλλα
1021 2206 1166 2278 πλὴν
1190 2210 1278 2277 ἕν,
1308 2199 1350 2261 ῶ
1375 2209 1528 2277 ξένη·

421 2294 481 2351 τὸ
507 2294 611 2366 γὰρ
639 2301 921 2366 σφαγῆναι
946 2290 1096 2349 τόνδ’
1129 2293 1244 2362 ἐμοὶ
1271 2292 1439 2363 βάρος
1462 2293 1617 2362 μέγα.

421 2378 448 2437 ὁ
474 2386 799 2436 ναυστολῶν
826 2379 930 2451 γάρ
959 2375 1065 2450 εἰμ’
1095 2375 1200 2448 ἐγώ
1226 2377 1320 2441 τὰς
1345 2375 1661 2448 συμφοράς·

422 2466 580 2530 οὗτος
605 2466 665 2521 δὲ
690 2472 932 2536 συμπλεῖ
952 2470 1062 2519 τῶν
1088 2466 1233 2534 ἐμῶν
1257 2462 1485 2533 μόχθων
1510 2461 1687 2532 χάριν.

423 2547 631 2607 οὔκουν
658 2555 874 2606 δίκαιον
900 2547 987 2605 ἐπ’
1018 2547 1234 2621 ὀλέθρῳ
1259 2553 1333 2622 τῷ
1360 2544 1515 2603 τοῦδ’
1547 2545 1639 2617 ἐμὲ

420 2637 580 2708 χάριν
605 2643 870 2691 τίθεσθαι
895 2632 1104 2691 καύτὸν
1129 2636 1359 2689 ἐκδῦναι
1384 2637 1589 2687 κακῶν.

421 2717 543 2777 ἀλλ’
575 2718 647 2785 ῶς
671 2722 948 2792 γενέσθω·
979 2724 1120 2794 τῷδε
1144 2718 1245 2790 μὲν
1272 2719 1463 2773 δέλτον
1489 2720 1670 2787 δίδου,

420 2807 621 2877 πέμψει
646 2805 750 2877 γαρ
771 2802 997 2876 ’Ἁργος,
1026 2801 1163 2859 ῶστε
1181 2824 1265 2859 σοι
1294 2808 1473 2867 καλῶς
1499 2808 1670 2872 ἔχειν·

421 2889 560 2964 ἡμᾶς
585 2886 638 2946 δ’
668 2887 695 2945 ὁ
721 2889 934 2961 χρῄζων
958 2891 1231 2945 κτεινέτω.
1258 2887 1323 2944 tc}
1348 2893 1460 2943 τῶν
1489 2892 1671 2957 φίλων

1805 1622 1890 1665 590

1806 2048 1891 2092 595

1806 2474 1891 2518 600
