<?xml version="1.0" encoding="UTF-8"?>
<!DOCTYPE html PUBLIC "-//W3C//DTD XHTML 1.0 Transitional//EN"
    "http://www.w3.org/TR/xhtml1/DTD/xhtml1-transitional.dtd">
<html xmlns="http://www.w3.org/1999/xhtml" xml:lang="en" lang="en">
 <head>
  <title>
</title>
<meta http-equiv="Content-Type" content="text/html;charset=utf-8" />
  <meta name='ocr-system' content='tesseract 3.04.00' />
  <meta name='ocr-capabilities' content='ocr_page ocr_carea ocr_par ocr_line ocrx_word'/>
</head>
<body>
  <div class='ocr_page' id='page_1' title='image "./euripidistragoe02euriuoft_0152.png"; bbox 0 0 2018 3117; ppageno 0'>
   <div class='ocr_carea' id='block_1_1' title="bbox 239 117 1551 171">
    <p class='ocr_par' dir='ltr' id='par_1_1' title="bbox 239 117 1551 171">
     <span class='ocr_line' id='line_1_1' title="bbox 239 117 1551 171; baseline 0.001 -2"><span class='ocrx_word' id='word_1_1' title='bbox 239 117 340 169; x_wconf 79' lang='lat'><em>102</em></span> <span class='ocrx_word' id='word_1_2' title='bbox 626 121 1004 168; x_wconf 85' lang='grc' dir='ltr'><em>ΙΦῙΓΕΝΕΙΑ</em></span> <span class='ocrx_word' id='word_1_3' title='bbox 1031 123 1085 167; x_wconf 87' lang='grc' dir='ltr'><em>Η</em></span> <span class='ocrx_word' id='word_1_4' title='bbox 1115 123 1214 169; x_wconf 89' lang='grc' dir='ltr'><em>ΕΝ</em></span> <span class='ocrx_word' id='word_1_5' title='bbox 1254 124 1551 171; x_wconf 79' lang='grc' dir='ltr'><em>ΤΑΤΡΟΙΣ</em></span> 
     </span>
    </p>
   </div>
   <div class='ocr_carea' id='block_1_2' title="bbox 224 258 1888 2963">
    <p class='ocr_par' dir='ltr' id='par_1_2' title="bbox 224 258 1888 2963">
     <span class='ocr_line' id='line_1_2' title="bbox 431 258 1512 336; baseline 0.003 -20"><span class='ocrx_word' id='word_1_6' title='bbox 431 259 588 333; x_wconf 78' lang='grc' dir='ltr'><em>χθων</em></span> <span class='ocrx_word' id='word_1_7' title='bbox 616 260 949 317; x_wconf 73' lang='grc' dir='ltr'><strong><em>ἐτεκνώσατο</em></strong></span> <span class='ocrx_word' id='word_1_8' title='bbox 986 258 1226 332; x_wconf 87' lang='grc' dir='ltr'><em>φάσματ’</em></span> <span class='ocrx_word' id='word_1_9' title='bbox 1259 259 1512 336; x_wconf 81' lang='grc' dir='ltr'><em>ὀνείρων,</em></span> 
     </span>
     <span class='ocr_line' id='line_1_3' title="bbox 433 344 1416 418; baseline 0.001 -19"><span class='ocrx_word' id='word_1_10' title='bbox 433 351 488 402; x_wconf 80' lang='grc' dir='ltr'><em>οἳ</em></span> <span class='ocrx_word' id='word_1_11' title='bbox 514 346 739 401; x_wconf 86' lang='grc' dir='ltr'><em>πολέσιν</em></span> <span class='ocrx_word' id='word_1_12' title='bbox 762 344 1021 417; x_wconf 78' lang='grc' dir='ltr'><em>μερόπων</em></span> <span class='ocrx_word' id='word_1_13' title='bbox 1049 346 1114 401; x_wconf 87' lang='grc' dir='ltr'><em>τά</em></span> <span class='ocrx_word' id='word_1_14' title='bbox 1140 369 1197 401; x_wconf 91' lang='grc' dir='ltr'><em>τε</em></span> <span class='ocrx_word' id='word_1_15' title='bbox 1227 352 1416 418; x_wconf 78' lang='grc' dir='ltr'><em>πρῶτα</em></span> 
     </span>
     <span class='ocr_line' id='line_1_4' title="bbox 432 425 1887 501; baseline -0.003 -17"><span class='ocrx_word' id='word_1_16' title='bbox 432 428 499 485; x_wconf 87' lang='grc' dir='ltr'><em>τά</em></span> <span class='ocrx_word' id='word_1_17' title='bbox 527 425 576 484; x_wconf 86' lang='grc' dir='ltr'><em>τ’</em></span> <span class='ocrx_word' id='word_1_18' title='bbox 610 427 791 485; x_wconf 82' lang='grc' dir='ltr'><em>ἔπειθ’</em></span> <span class='ocrx_word' id='word_1_19' title='bbox 819 431 901 486; x_wconf 83' lang='grc' dir='ltr'><em>ὅσ’</em></span> <span class='ocrx_word' id='word_1_20' title='bbox 934 436 1121 501; x_wconf 87' lang='grc' dir='ltr'><em>ἔμελλε</em></span> <span class='ocrx_word' id='word_1_21' title='bbox 1149 442 1331 499; x_wconf 84' lang='grc' dir='ltr'><em>τυχεῖν</em></span> <span class='ocrx_word' id='word_1_22' title='bbox 1784 451 1887 494; x_wconf 75' lang='lat'><em>1255</em></span> 
     </span>
     <span class='ocr_line' id='line_1_5' title="bbox 432 511 1076 587; baseline 0.003 -18"><span class='ocrx_word' id='word_1_23' title='bbox 432 511 614 569; x_wconf 79' lang='grc' dir='ltr'><em>ὕπνου</em></span> <span class='ocrx_word' id='word_1_24' title='bbox 637 512 775 570; x_wconf 75' lang='grc' dir='ltr'><em>κατὰ</em></span> <span class='ocrx_word' id='word_1_25' title='bbox 801 513 1076 587; x_wconf 85' lang='grc' dir='ltr'><em>δνοφερὰς</em></span> 
     </span>
     <span class='ocr_line' id='line_1_6' title="bbox 433 595 1250 671; baseline 0.002 -17"><span class='ocrx_word' id='word_1_26' title='bbox 433 595 599 664; x_wconf 78' lang='grc' dir='ltr'><em>εὐνὰς</em></span> <span class='ocrx_word' id='word_1_27' title='bbox 629 599 864 671; x_wconf 78' lang='grc' dir='ltr'><em>φράζον·</em></span> <span class='ocrx_word' id='word_1_28' title='bbox 893 606 1033 656; x_wconf 84' lang='grc' dir='ltr'><em>Γαῖα</em></span> <span class='ocrx_word' id='word_1_29' title='bbox 1063 599 1121 655; x_wconf 77' lang='grc' dir='ltr'><em>δὲ</em></span> <span class='ocrx_word' id='word_1_30' title='bbox 1149 600 1250 656; x_wconf 83' lang='grc' dir='ltr'><em>τὰν</em></span> 
     </span>
     <span class='ocr_line' id='line_1_7' title="bbox 429 682 1180 756; baseline 0.003 -17"><span class='ocrx_word' id='word_1_31' title='bbox 429 689 704 754; x_wconf 89' lang='grc' dir='ltr'><em>μαντείων</em></span> <span class='ocrx_word' id='word_1_32' title='bbox 731 682 987 756; x_wconf 79' lang='grc' dir='ltr'><em>ἀφείλετο</em></span> <span class='ocrx_word' id='word_1_33' title='bbox 1016 684 1180 755; x_wconf 80' lang='grc' dir='ltr'><em>τιμὰν</em></span> 
     </span>
     <span class='ocr_line' id='line_1_8' title="bbox 430 769 1201 844; baseline 0.004 -21"><span class='ocrx_word' id='word_1_34' title='bbox 430 774 639 839; x_wconf 89' lang='grc' dir='ltr'><em>Φοῖβον</em></span> <span class='ocrx_word' id='word_1_35' title='bbox 668 769 870 844; x_wconf 78' lang='grc' dir='ltr'><em>φθόνῳ</em></span> <span class='ocrx_word' id='word_1_36' title='bbox 896 771 1201 841; x_wconf 76' lang='grc' dir='ltr'><em>θυγατρός·</em></span> 
     </span>
     <span class='ocr_line' id='line_1_9' title="bbox 429 851 1888 927; baseline 0.004 -18"><span class='ocrx_word' id='word_1_37' title='bbox 429 852 704 924; x_wconf 80' lang='grc' dir='ltr'><em>ταχύπους</em></span> <span class='ocrx_word' id='word_1_38' title='bbox 733 851 787 910; x_wconf 83' lang='grc' dir='ltr'><em>δ’</em></span> <span class='ocrx_word' id='word_1_39' title='bbox 821 859 874 920; x_wconf 84' lang='grc' dir='ltr'><em>ἐς</em></span> <span class='ocrx_word' id='word_1_40' title='bbox 899 851 1186 926; x_wconf 74' lang='grc' dir='ltr'><em>’Όλυμπον</em></span> <span class='ocrx_word' id='word_1_41' title='bbox 1217 852 1483 927; x_wconf 84' lang='grc' dir='ltr'><em>ὁρμαθεὶς</em></span> <span class='ocrx_word' id='word_1_42' title='bbox 1509 852 1641 924; x_wconf 71' lang='grc' dir='ltr'><em>ἄναξ</em></span> <span class='ocrx_word' id='word_1_43' title='bbox 1779 872 1888 916; x_wconf 79' lang='lat'>1270</span> 
     </span>
     <span class='ocr_line' id='line_1_10' title="bbox 425 936 1534 1010; baseline 0.003 -17"><span class='ocrx_word' id='word_1_44' title='bbox 425 940 555 1010; x_wconf 87' lang='grc' dir='ltr'><em>χέρα</em></span> <span class='ocrx_word' id='word_1_45' title='bbox 579 936 818 995; x_wconf 79' lang='grc' dir='ltr'><em>παιδνὸν</em></span> <span class='ocrx_word' id='word_1_46' title='bbox 834 937 1022 1008; x_wconf 78' lang='grc' dir='ltr'><em>ὄρεξεν</em></span> <span class='ocrx_word' id='word_1_47' title='bbox 1046 946 1121 1005; x_wconf 80' lang='grc' dir='ltr'><em>εἰς</em></span> <span class='ocrx_word' id='word_1_48' title='bbox 1149 948 1292 996; x_wconf 90' lang='grc' dir='ltr'><em>Δῖον</em></span> <span class='ocrx_word' id='word_1_49' title='bbox 1319 939 1534 1010; x_wconf 82' lang='grc' dir='ltr'><em>θρόνον</em></span> 
     </span>
     <span class='ocr_line' id='line_1_11' title="bbox 425 1023 1300 1097; baseline 0.001 -18"><span class='ocrx_word' id='word_1_50' title='bbox 425 1029 667 1079; x_wconf 79' lang='grc' dir='ltr'><em>Πυθίων</em></span> <span class='ocrx_word' id='word_1_51' title='bbox 697 1024 885 1095; x_wconf 82' lang='grc' dir='ltr'><em>δόμων</em></span> <span class='ocrx_word' id='word_1_52' title='bbox 908 1031 1137 1094; x_wconf 80' lang='grc' dir='ltr'><em>χθονίας</em></span> <span class='ocrx_word' id='word_1_53' title='bbox 1161 1023 1300 1097; x_wconf 80' lang='grc' dir='ltr'><em>ἀφε-</em></span> 
     </span>
     <span class='ocr_line' id='line_1_12' title="bbox 426 1110 1476 1180; baseline -0.001 -17"><span class='ocrx_word' id='word_1_54' title='bbox 426 1115 546 1164; x_wconf 88' lang='grc' dir='ltr'><em>λεῖν</em></span> <span class='ocrx_word' id='word_1_55' title='bbox 575 1113 710 1174; x_wconf 81' lang='grc' dir='ltr'><em>θεᾶς</em></span> <span class='ocrx_word' id='word_1_56' title='bbox 736 1115 903 1180; x_wconf 84' lang='grc' dir='ltr'><em>μῆνιν</em></span> <span class='ocrx_word' id='word_1_57' title='bbox 928 1117 1152 1179; x_wconf 80' lang='grc' dir='ltr'><em>νυχίους</em></span> <span class='ocrx_word' id='word_1_58' title='bbox 1180 1110 1227 1164; x_wconf 88' lang='grc' dir='ltr'><em>τ’</em></span> <span class='ocrx_word' id='word_1_59' title='bbox 1261 1110 1476 1175; x_wconf 86' lang='grc' dir='ltr'><em>ἐνοπάς.</em></span> 
     </span>
     <span class='ocr_line' id='line_1_13' title="bbox 427 1190 1332 1266; baseline 0 -16"><span class='ocrx_word' id='word_1_60' title='bbox 427 1195 623 1265; x_wconf 81' lang='grc' dir='ltr'><em>γέλασε</em></span> <span class='ocrx_word' id='word_1_61' title='bbox 653 1197 684 1248; x_wconf 94' lang='grc' dir='ltr'><em>δ</em></span> <span class='ocrx_word' id='word_1_62' title='bbox 693 1190 727 1264; x_wconf 80' lang='lat'><em>&#39;‚</em></span> <span class='ocrx_word' id='word_1_63' title='bbox 759 1190 842 1249; x_wconf 80' lang='grc' dir='ltr'><em>ὅτι</em></span> <span class='ocrx_word' id='word_1_64' title='bbox 871 1195 1019 1259; x_wconf 74' lang='grc' dir='ltr'><em>τέκος</em></span> <span class='ocrx_word' id='word_1_65' title='bbox 1053 1190 1202 1264; x_wconf 72' lang='grc' dir='ltr'><em>ἄφαρ</em></span> <span class='ocrx_word' id='word_1_66' title='bbox 1235 1200 1332 1266; x_wconf 80' lang='grc' dir='ltr'><em>ἔβα</em></span> 
     </span>
     <span class='ocr_line' id='line_1_14' title="bbox 424 1276 1887 1351; baseline 0.003 -17"><span class='ocrx_word' id='word_1_67' title='bbox 424 1276 742 1348; x_wconf 77' lang='grc' dir='ltr'><em>πολύχρυσα</em></span> <span class='ocrx_word' id='word_1_68' title='bbox 765 1281 951 1334; x_wconf 85' lang='grc' dir='ltr'><em>θέλων</em></span> <span class='ocrx_word' id='word_1_69' title='bbox 975 1277 1319 1350; x_wconf 79' lang='grc' dir='ltr'><em>λατρεύματα</em></span> <span class='ocrx_word' id='word_1_70' title='bbox 1343 1292 1494 1351; x_wconf 90' lang='grc' dir='ltr'><em>σχεῖν</em></span> <span class='ocrx_word' id='word_1_71' title='bbox 1510 1297 1520 1309; x_wconf 90' lang='grc'><em>·</em></span> <span class='ocrx_word' id='word_1_72' title='bbox 1777 1293 1887 1339; x_wconf 80' lang='lat'>1275</span> 
     </span>
     <span class='ocr_line' id='line_1_15' title="bbox 424 1360 1046 1434; baseline -0.002 -16"><span class='ocrx_word' id='word_1_73' title='bbox 424 1364 511 1418; x_wconf 83' lang='grc' dir='ltr'><em>ἐπὶ</em></span> <span class='ocrx_word' id='word_1_74' title='bbox 538 1360 590 1418; x_wconf 78' lang='grc' dir='ltr'><em>δ’</em></span> <span class='ocrx_word' id='word_1_75' title='bbox 621 1368 831 1419; x_wconf 82' lang='grc' dir='ltr'><em>ἔσεισεν</em></span> <span class='ocrx_word' id='word_1_76' title='bbox 852 1361 1046 1434; x_wconf 78' lang='grc' dir='ltr'><em>κόμαν,</em></span> 
     </span>
     <span class='ocr_line' id='line_1_16' title="bbox 422 1448 1188 1519; baseline -0.001 -17"><span class='ocrx_word' id='word_1_77' title='bbox 422 1453 634 1504; x_wconf 84' lang='grc' dir='ltr'><em>παῦσεν</em></span> <span class='ocrx_word' id='word_1_78' title='bbox 655 1453 881 1519; x_wconf 85' lang='grc' dir='ltr'><em>νυχίους</em></span> <span class='ocrx_word' id='word_1_79' title='bbox 911 1448 1188 1518; x_wconf 76' lang='grc' dir='ltr'><em>ὀνείρους,</em></span> 
     </span>
     <span class='ocr_line' id='line_1_17' title="bbox 424 1528 982 1591; baseline 0.007 -4"><span class='ocrx_word' id='word_1_80' title='bbox 424 1528 529 1588; x_wconf 80' lang='grc' dir='ltr'><em>άπὸ</em></span> <span class='ocrx_word' id='word_1_81' title='bbox 559 1536 618 1587; x_wconf 79' lang='grc' dir='ltr'><em>δὲ</em></span> <span class='ocrx_word' id='word_1_82' title='bbox 657 1540 982 1591; x_wconf 81' lang='grc' dir='ltr'><em>λαθοσύναν</em></span> 
     </span>
     <span class='ocr_line' id='line_1_18' title="bbox 421 1616 1204 1689; baseline 0.004 -17"><span class='ocrx_word' id='word_1_83' title='bbox 421 1616 717 1675; x_wconf 83' lang='grc' dir='ltr'><em>νυκτωπὸν</em></span> <span class='ocrx_word' id='word_1_84' title='bbox 740 1620 941 1684; x_wconf 78' lang='grc' dir='ltr'><em>ἐξεῖλεν</em></span> <span class='ocrx_word' id='word_1_85' title='bbox 971 1624 1204 1689; x_wconf 76' lang='grc' dir='ltr'><em>βροτῶν,</em></span> 
     </span>
     <span class='ocr_line' id='line_1_19' title="bbox 421 1701 1883 1774; baseline 0.003 -17"><span class='ocrx_word' id='word_1_86' title='bbox 421 1704 511 1758; x_wconf 79' lang='grc' dir='ltr'><em>καὶ</em></span> <span class='ocrx_word' id='word_1_87' title='bbox 539 1701 693 1774; x_wconf 79' lang='grc' dir='ltr'><em>τιμὰς</em></span> <span class='ocrx_word' id='word_1_88' title='bbox 719 1703 885 1759; x_wconf 85' lang='grc' dir='ltr'><em>πάλιν</em></span> <span class='ocrx_word' id='word_1_89' title='bbox 1775 1717 1883 1762; x_wconf 73' lang='lat'>1280</span> 
     </span>
     <span class='ocr_line' id='line_1_20' title="bbox 420 1792 775 1861; baseline 0.006 -20"><span class='ocrx_word' id='word_1_90' title='bbox 420 1793 562 1858; x_wconf 85' lang='grc' dir='ltr'><em>θῆκε</em></span> <span class='ocrx_word' id='word_1_91' title='bbox 588 1792 775 1861; x_wconf 77' lang='grc' dir='ltr'><em>Λοξίᾳ,</em></span> 
     </span>
     <span class='ocr_line' id='line_1_21' title="bbox 421 1868 1375 1950; baseline 0.003 -24"><span class='ocrx_word' id='word_1_92' title='bbox 421 1871 725 1945; x_wconf 79' lang='grc' dir='ltr'><em>πολυάνορι</em></span> <span class='ocrx_word' id='word_1_93' title='bbox 750 1868 802 1928; x_wconf 86' lang='grc' dir='ltr'><em>δ’</em></span> <span class='ocrx_word' id='word_1_94' title='bbox 837 1875 896 1928; x_wconf 84' lang='grc' dir='ltr'><em>ἐν</em></span> <span class='ocrx_word' id='word_1_95' title='bbox 919 1873 1161 1939; x_wconf 82' lang='grc' dir='ltr'><em>ξενόεντι</em></span> <span class='ocrx_word' id='word_1_96' title='bbox 1184 1874 1375 1950; x_wconf 73' lang='grc' dir='ltr'><em>θρόνῳ</em></span> 
     </span>
     <span class='ocr_line' id='line_1_22' title="bbox 419 1956 1433 2030; baseline 0.003 -19"><span class='ocrx_word' id='word_1_97' title='bbox 419 1956 600 2028; x_wconf 86' lang='grc' dir='ltr'><em>θάρση</em></span> <span class='ocrx_word' id='word_1_98' title='bbox 631 1963 848 2028; x_wconf 79' lang='grc' dir='ltr'><em>βροτοῖς</em></span> <span class='ocrx_word' id='word_1_99' title='bbox 876 1958 1176 2030; x_wconf 81' lang='grc' dir='ltr'><em>θεσφάτων</em></span> <span class='ocrx_word' id='word_1_100' title='bbox 1207 1956 1433 2025; x_wconf 76' lang='grc' dir='ltr'><em>ἀοιδαῖς.</em></span> 
     </span>
     <span class='ocr_line' id='line_1_23' title="bbox 224 2032 1474 2115; baseline 0.004 -19"><span class='ocrx_word' id='word_1_101' title='bbox 224 2045 382 2096; x_wconf 89' lang='grc' dir='ltr'><em>ΑΓΓ.</em></span> <span class='ocrx_word' id='word_1_102' title='bbox 416 2032 459 2096; x_wconf 70' lang='grc' dir='ltr'><em>ὦ</em></span> <span class='ocrx_word' id='word_1_103' title='bbox 488 2042 838 2111; x_wconf 79' lang='grc' dir='ltr'><em>ναοφύλακες</em></span> <span class='ocrx_word' id='word_1_104' title='bbox 863 2042 1068 2114; x_wconf 70' lang='grc' dir='ltr'><em>βώμιοί</em></span> <span class='ocrx_word' id='word_1_105' title='bbox 1096 2041 1144 2100; x_wconf 88' lang='grc' dir='ltr'><em>τ’</em></span> <span class='ocrx_word' id='word_1_106' title='bbox 1179 2045 1474 2115; x_wconf 79' lang='grc' dir='ltr'><em>ἐπιστάται,</em></span> 
     </span>
     <span class='ocr_line' id='line_1_24' title="bbox 421 2122 1877 2202; baseline 0.003 -21"><span class='ocrx_word' id='word_1_107' title='bbox 421 2124 564 2191; x_wconf 84' lang='grc' dir='ltr'><em>Θόας</em></span> <span class='ocrx_word' id='word_1_108' title='bbox 589 2122 721 2193; x_wconf 73' lang='grc' dir='ltr'><em>ἄναξ</em></span> <span class='ocrx_word' id='word_1_109' title='bbox 752 2133 850 2199; x_wconf 75' lang='grc' dir='ltr'><em>γῆς</em></span> <span class='ocrx_word' id='word_1_110' title='bbox 878 2133 1039 2200; x_wconf 85' lang='grc' dir='ltr'><em>τῆσδε</em></span> <span class='ocrx_word' id='word_1_111' title='bbox 1063 2134 1171 2184; x_wconf 89' lang='grc' dir='ltr'><em>ποῦ</em></span> <span class='ocrx_word' id='word_1_112' title='bbox 1201 2143 1365 2201; x_wconf 90' lang='grc' dir='ltr'><em>κυρεῖ</em></span> <span class='ocrx_word' id='word_1_113' title='bbox 1389 2128 1594 2202; x_wconf 77' lang='grc' dir='ltr'><em>βεβως;</em></span> <span class='ocrx_word' id='word_1_114' title='bbox 1770 2143 1877 2187; x_wconf 82' lang='lat'>1285</span> 
     </span>
     <span class='ocr_line' id='line_1_25' title="bbox 420 2207 1621 2286; baseline 0.002 -20"><span class='ocrx_word' id='word_1_115' title='bbox 420 2208 626 2266; x_wconf 82' lang='grc' dir='ltr'><em>καλεῖτ’</em></span> <span class='ocrx_word' id='word_1_116' title='bbox 661 2207 1065 2280; x_wconf 55' lang='grc' dir='ltr'><em>ἀναπτύξαντες</em></span> <span class='ocrx_word' id='word_1_117' title='bbox 1097 2209 1415 2286; x_wconf 74' lang='grc' dir='ltr'><em>εὐγόμφους</em></span> <span class='ocrx_word' id='word_1_118' title='bbox 1442 2214 1621 2279; x_wconf 86' lang='grc' dir='ltr'><em>πύλας</em></span> 
     </span>
     <span class='ocr_line' id='line_1_26' title="bbox 421 2295 1588 2370; baseline 0.002 -19"><span class='ocrx_word' id='word_1_119' title='bbox 421 2298 519 2362; x_wconf 81' lang='grc' dir='ltr'><em>ἔξω</em></span> <span class='ocrx_word' id='word_1_120' title='bbox 544 2295 842 2369; x_wconf 87' lang='grc' dir='ltr'><em>μελάθρων</em></span> <span class='ocrx_word' id='word_1_121' title='bbox 871 2301 1046 2353; x_wconf 78' lang='grc' dir='ltr'><em>τῶνδε</em></span> <span class='ocrx_word' id='word_1_122' title='bbox 1076 2305 1339 2370; x_wconf 89' lang='grc' dir='ltr'><em>κοίρανον</em></span> <span class='ocrx_word' id='word_1_123' title='bbox 1367 2299 1588 2369; x_wconf 84' lang='grc' dir='ltr'><em>χθονός.</em></span> 
     </span>
     <span class='ocr_line' id='line_1_27' title="bbox 229 2377 1756 2455; baseline 0.004 -21"><span class='ocrx_word' id='word_1_124' title='bbox 229 2386 342 2435; x_wconf 84' lang='grc' dir='ltr'><em>ΧΟ.</em></span> <span class='ocrx_word' id='word_1_125' title='bbox 426 2387 483 2435; x_wconf 87' lang='grc' dir='ltr'><em>τί</em></span> <span class='ocrx_word' id='word_1_126' title='bbox 506 2377 560 2436; x_wconf 89' lang='grc' dir='ltr'><em>δ’</em></span> <span class='ocrx_word' id='word_1_127' title='bbox 594 2387 770 2452; x_wconf 81' lang='grc' dir='ltr'><em>ἔστιν,</em></span> <span class='ocrx_word' id='word_1_128' title='bbox 805 2389 856 2438; x_wconf 82' lang='grc' dir='ltr'><em>εἰ</em></span> <span class='ocrx_word' id='word_1_129' title='bbox 880 2380 981 2454; x_wconf 84' lang='grc' dir='ltr'><em>χρὴ</em></span> <span class='ocrx_word' id='word_1_130' title='bbox 1011 2381 1084 2455; x_wconf 82' lang='grc' dir='ltr'><em>μὴ</em></span> <span class='ocrx_word' id='word_1_131' title='bbox 1115 2390 1515 2440; x_wconf 76' lang='grc' dir='ltr'><em>κελευσθεῖσαν</em></span> <span class='ocrx_word' id='word_1_132' title='bbox 1544 2385 1756 2455; x_wconf 65' lang='grc' dir='ltr'><em>λέγεινς</em></span> 
     </span>
     <span class='ocr_line' id='line_1_28' title="bbox 225 2470 1408 2538; baseline 0.003 -19"><span class='ocrx_word' id='word_1_133' title='bbox 225 2470 381 2519; x_wconf 90' lang='grc' dir='ltr'><em>ΑΓΓ.</em></span> <span class='ocrx_word' id='word_1_134' title='bbox 424 2471 617 2536; x_wconf 83' lang='grc' dir='ltr'><em>βεβᾶσι</em></span> <span class='ocrx_word' id='word_1_135' title='bbox 645 2473 883 2538; x_wconf 81' lang='grc' dir='ltr'><em>φροῦδοι</em></span> <span class='ocrx_word' id='word_1_136' title='bbox 911 2473 1163 2538; x_wconf 77' lang='grc' dir='ltr'><em>δίπτυχοι</em></span> <span class='ocrx_word' id='word_1_137' title='bbox 1192 2474 1408 2524; x_wconf 90' lang='grc' dir='ltr'><em>νεανίαι</em></span> 
     </span>
     <span class='ocr_line' id='line_1_29' title="bbox 414 2546 1876 2624; baseline 0.003 -19"><span class='ocrx_word' id='word_1_138' title='bbox 414 2546 872 2622; x_wconf 78' lang='grc' dir='ltr'><em>Ἀγαμεμνονείας</em></span> <span class='ocrx_word' id='word_1_139' title='bbox 902 2551 1097 2618; x_wconf 84' lang='grc' dir='ltr'><em>παιδὸς</em></span> <span class='ocrx_word' id='word_1_140' title='bbox 1126 2556 1184 2609; x_wconf 84' lang='grc' dir='ltr'><em>ἐκ</em></span> <span class='ocrx_word' id='word_1_141' title='bbox 1213 2552 1610 2624; x_wconf 88' lang='grc' dir='ltr'><em>βουλευμάτων</em></span> <span class='ocrx_word' id='word_1_142' title='bbox 1769 2565 1876 2610; x_wconf 77' lang='lat'>1290</span> 
     </span>
     <span class='ocr_line' id='line_1_30' title="bbox 420 2634 1673 2710; baseline 0.001 -19"><span class='ocrx_word' id='word_1_143' title='bbox 420 2641 721 2707; x_wconf 83' lang='grc' dir='ltr'><em>φεύγοντες</em></span> <span class='ocrx_word' id='word_1_144' title='bbox 741 2642 798 2691; x_wconf 84' lang='grc' dir='ltr'><em>ἐκ</em></span> <span class='ocrx_word' id='word_1_145' title='bbox 818 2643 915 2706; x_wconf 82' lang='grc' dir='ltr'><em>γῆς</em></span> <span class='ocrx_word' id='word_1_146' title='bbox 938 2641 1102 2710; x_wconf 87' lang='grc' dir='ltr'><em>τῆσδε</em></span> <span class='ocrx_word' id='word_1_147' title='bbox 1124 2640 1215 2694; x_wconf 84' lang='grc' dir='ltr'><em>καὶ</em></span> <span class='ocrx_word' id='word_1_148' title='bbox 1244 2634 1448 2709; x_wconf 82' lang='grc' dir='ltr'><em>σεμνὸν</em></span> <span class='ocrx_word' id='word_1_149' title='bbox 1477 2639 1673 2709; x_wconf 86' lang='grc' dir='ltr'><em>βρέτας</em></span> 
     </span>
     <span class='ocr_line' id='line_1_31' title="bbox 416 2719 1537 2792; baseline 0.001 -17"><span class='ocrx_word' id='word_1_150' title='bbox 416 2720 678 2792; x_wconf 90' lang='grc' dir='ltr'><em>λαβόντες</em></span> <span class='ocrx_word' id='word_1_151' title='bbox 707 2722 766 2776; x_wconf 86' lang='grc' dir='ltr'><em>ἐν</em></span> <span class='ocrx_word' id='word_1_152' title='bbox 794 2721 1081 2779; x_wconf 80' lang='grc' dir='ltr'><em>κόλποισιν</em></span> <span class='ocrx_word' id='word_1_153' title='bbox 1108 2719 1360 2787; x_wconf 79' lang='grc' dir='ltr'><em>Ἑλλάδος</em></span> <span class='ocrx_word' id='word_1_154' title='bbox 1385 2721 1537 2787; x_wconf 76' lang='grc' dir='ltr'><em>νεώς.</em></span> 
     </span>
     <span class='ocr_line' id='line_1_32' title="bbox 227 2801 1626 2877; baseline 0.001 -17"><span class='ocrx_word' id='word_1_155' title='bbox 227 2811 338 2860; x_wconf 83' lang='lat' dir='ltr'><em>XO.</em></span> <span class='ocrx_word' id='word_1_156' title='bbox 419 2801 649 2861; x_wconf 72' lang='grc' dir='ltr'><em>ἄπιστον</em></span> <span class='ocrx_word' id='word_1_157' title='bbox 673 2803 827 2872; x_wconf 84' lang='grc' dir='ltr'><em>εἶπας</em></span> <span class='ocrx_word' id='word_1_158' title='bbox 852 2813 1066 2877; x_wconf 83' lang='grc' dir='ltr'><em>μῦθον·</em></span> <span class='ocrx_word' id='word_1_159' title='bbox 1093 2804 1160 2863; x_wconf 80' lang='grc' dir='ltr'><em>ὃν</em></span> <span class='ocrx_word' id='word_1_160' title='bbox 1188 2804 1242 2864; x_wconf 84' lang='grc' dir='ltr'><em>δ’</em></span> <span class='ocrx_word' id='word_1_161' title='bbox 1274 2810 1415 2863; x_wconf 85' lang='grc' dir='ltr'><em>ἰδεῖν</em></span> <span class='ocrx_word' id='word_1_162' title='bbox 1444 2808 1626 2872; x_wconf 85' lang='grc' dir='ltr'><em>θέλεις</em></span> 
     </span>
     <span class='ocr_line' id='line_1_33' title="bbox 420 2886 1627 2963; baseline 0.002 -19"><span class='ocrx_word' id='word_1_163' title='bbox 420 2886 627 2946; x_wconf 72' lang='grc' dir='ltr'><em>ἄνακτα</em></span> <span class='ocrx_word' id='word_1_164' title='bbox 651 2888 858 2963; x_wconf 72' lang='grc' dir='ltr'><em>χώρας,</em></span> <span class='ocrx_word' id='word_1_165' title='bbox 892 2896 1137 2962; x_wconf 88' lang='grc' dir='ltr'><em>φροῦδος</em></span> <span class='ocrx_word' id='word_1_166' title='bbox 1167 2895 1225 2948; x_wconf 81' lang='grc' dir='ltr'><em>ἐκ</em></span> <span class='ocrx_word' id='word_1_167' title='bbox 1249 2896 1389 2948; x_wconf 84' lang='grc' dir='ltr'><em>ναοῦ</em></span> <span class='ocrx_word' id='word_1_168' title='bbox 1415 2897 1627 2956; x_wconf 88' lang='grc' dir='ltr'><em>συθείς.</em></span> 
     </span>
    </p>
   </div>
  </div>
 </body>
</html>
