2018 3117
73 716 199 791 {HR

88 1062 251 1111 ΑΓΛ.

89 1481 194 1529 ΠΡ.

87 1733 245 1782 ΑΓΛ.

84 2069 244 2117 ΑΓΛ.

83 2236 136 2284 Π
139 2237 190 2284 Ρ.

85 2320 227 2368 ΑΓΛ
233 2359 243 2368 .

474 78 850 124 ΙΦΙΓΕΝΕΙΛ
886 78 939 123 Η
973 79 1071 125 ΕΝ
1100 78 1363 126 ΑΥΛΙΔῙ

288 218 511 285 δέλτοις,
539 207 582 270 ὦ
602 216 788 288 Λήδας
812 222 983 287 ἔρνος,

284 298 356 372 μὴ
381 301 623 355 στέλλειν
649 299 749 356 τὰν
773 298 875 355 σὰν
899 299 1009 355 ἶνιν
1034 300 1169 373 πρὸς

285 383 386 438 τὰν
409 383 664 454 κολπώδη
691 381 918 455 πτέρυγ’
946 380 1190 454 Εὐβοίας

285 459 467 523 Αὖλιν
491 465 781 524 ἀκλύσταν.

288 557 363 616 εἰς
387 548 550 617 ἄλλας
575 550 718 621 ὥρας
740 550 843 623 γὰρ
869 550 935 622 δὴ

283 634 476 699 παιδὸς
501 640 760 705 δαίσομεν
783 633 1095 706 ὑμεναίους.

280 722 372 775 καὶ
396 725 510 783 πῶς
537 717 777 789 ’Λχιλεύς
801 722 1043 791 λέκτρων
1067 717 1328 777 ἀπλακὼν

285 801 351 859 οὗ
376 805 512 874 μέγα
538 809 735 875 φυσῶν
757 801 944 873 θυμὸν
968 806 1159 876 ἐπαρεῖ

283 889 368 943 σοὶ
393 893 460 960 σῇ
484 884 533 942 τ’
563 884 768 961 άλόχῳ;

283 970 408 1027 τόδε
432 973 523 1026 καὶ
549 971 751 1028 δεινόν.
788 969 1009 1045 σήμαιν’
1041 969 1072 1027 ὅ
1094 997 1144 1028 τι
1169 972 1292 1044 φής.

285 1052 467 1127 ὄνομ’,
496 1055 598 1112 οὐκ
626 1062 789 1127 ἔργον
814 1058 1065 1125 παρέχων
1093 1055 1336 1128 ’Λχιλεύς

282 1136 383 1196 οὐκ
409 1138 524 1194 οἶδε
552 1138 784 1211 γάμους,
811 1136 936 1195 οὐδ’
967 1136 998 1194 ὅ
1021 1164 1071 1195 τι
1096 1141 1427 1214 πράσσομεν,

281 1220 405 1279 οὐδ’
434 1220 515 1278 ὅτι
539 1230 704 1296 κείνῳ
729 1221 881 1278 παῖδ’
913 1224 1219 1296 ἐπεφήμισα

280 1313 586 1378 νυμφείους
615 1313 689 1371 εἰς
716 1304 983 1378 ἀγκώνων

283 1387 445 1454 εὐνὰς
470 1390 732 1446 ἐκδώσειν
755 1393 1040 1462 λέκτροις]

277 1473 431 1531 δεινά
447 1470 498 1544 γ’
515 1473 763 1545 ἐτόλμας,
783 1472 1119 1547 Ἀγάμεμνον
1143 1474 1293 1547 ἕὲναξ,

281 1556 340 1625 ὃς
366 1562 442 1634 τῷ
466 1565 559 1630 τῆς
584 1565 720 1623 θεᾶς
744 1557 847 1629 σὴν
872 1558 1026 1615 παῖδ’
1055 1558 1252 1631 ἄλοχον

280 1651 509 1714 φατίσας
533 1635 659 1714 ἦγες
686 1642 923 1714 σφάγιον
946 1653 1204 1709 Δαναοῖς.

280 1735 450 1798 οἴμοι,
477 1728 695 1798 γνώμας
722 1729 954 1798 ἐξέσταν,

277 1817 406 1881 αιάῖ,
436 1818 613 1867 πίπτω
641 1808 695 1866 δ’
726 1817 801 1876 εἰς
828 1809 979 1867 ἄταν.

277 1892 401 1950 ἀλλ’
431 1893 516 1951 ἴθ’
547 1898 784 1967 ἐρέσσων
809 1894 908 1952 σὸν
932 1896 1103 1967 πόδα,
1130 1897 1272 1971 γήρα

276 1980 447 2050 μηδὲν
471 1977 732 2035 ὑπείκων.
757 1986 870 2043 ΠΡ.
899 1981 1118 2037 σπεύδω
1136 2025 1149 2052 ,
1176 1986 1425 2053 βασιλεύ..

277 2063 351 2136 μή
374 2087 480 2120 νυν
504 2062 632 2137 μήτ’
660 2061 922 2129 ἀλσώδεις
945 2069 1060 2133 ἵζου

276 2147 497 2220 κρήνας,
527 2146 666 2220 μήθ’
695 2146 853 2223 ὕπνῳ
881 2156 1141 2222 θελχθῇς.

274 2229 494 2303 εὔφημα
518 2233 695 2307 θρόει.

277 2316 454 2388 πάντῃ
480 2317 540 2373 δὲ
564 2317 738 2388 πόρον
765 2316 983 2387 σχιστὸν
1008 2315 1252 2389 ἀμείβων

272 2405 495 2470 λεῦσσε,
523 2399 824 2473 φυλάσσων
848 2401 922 2472 μή
948 2407 1027 2465 τίς
1051 2421 1110 2458 σε
1135 2402 1282 2474 λάθῃ

273 2492 614 2555 τροχαλοῖσιν
639 2481 782 2554 ὄχοις
807 2489 1258 2557 παραμειψαμένη

274 2572 442 2622 παῖδα
466 2566 743 2639 κομίζουσ’
775 2566 971 2624 ἐνθάδ’
1004 2567 1184 2641 ἀπήνη

271 2658 514 2706 Δαναῶν
536 2652 670 2725 πρὸς
694 2658 846 2717 ναῦς.

277 2730 347 2802 ἢν
369 2735 473 2806 γάρ
502 2759 592 2790 νιν
617 2749 853 2807 πομπαῖς
879 2734 1132 2809 ἀντήσῃς,

275 2817 439 2872 πάλιν
465 2818 689 2889 ἐξόρμα,
717 2832 828 2876 σεῖε
852 2820 1126 2891 χαλινούς,

1661 235 1744 275 116

1658 320 1745 363 119

1664 401 1746 443 120

1661 823 1743 865 125

1657 1243 1742 1286 130

1658 1661 1741 1704 135

1657 1998 1739 2040 140

1653 2417 1739 2459 145

1649 2666 1733 2710 148

1646 2752 1736 2794 155>
