2018 3117
198 95 296 147 134

960 96 1097 143 ΙΩΝ

383 234 417 294 ἃ
444 235 495 294 δ’
530 233 725 292 ἐνθάδ’
760 236 907 308 εἶχον
935 233 1106 307 ἀγάθ’
1140 233 1383 293 ἄκουσόν
1410 261 1535 310 μου,
1562 237 1758 309 πάτερ·

385 321 486 394 τὴν
516 320 782 392 φιλτάτην
806 321 908 393 μὲν
931 327 1151 390 πρῶτον
1174 318 1495 390 ἀνθρώποις
1523 323 1725 396 σχολὴν

386 404 552 478 ὄχλον
576 428 634 461 τε
659 407 908 478 μέτριον,
936 402 1072 461 οὐδέ
1097 402 1154 476 μ’
1183 404 1425 478 ἐξέπληξ’
1455 404 1590 463 ὁδοῦ
1762 419 1844 462 635

383 488 623 562 πονηρὸς
652 486 836 556 οὐδείς
855 509 866 519 ·
893 503 1043 545 κεῖνο
1070 487 1120 544 δ’
1151 487 1254 546 οὐκ
1281 487 1596 562 ἀνασχετόν,

172 593 337 646 Χϋ
389 584 556 631 εἴκειν
585 572 720 630 ὁδοῦ
744 581 995 646 χαλῶντα
1024 587 1134 640 τοῖς
1163 581 1430 631 κακίοσιν.

198 1515 313 1564 XO.

389 665 542 716 θεῶν
572 657 623 715 δ’
659 663 718 715 ἐν
746 656 928 731 εὐχαῖς
951 656 985 731 ἢ
1009 658 1253 730 λόγοισιν
1278 661 1310 731 ἠ
1337 666 1569 732 βροτῶν,

388 742 680 817 ὑπηρετῶν
703 741 1115 816 χαίρουσιν,ού
1141 747 1457 815 γοωμένοις.

388 831 480 885 καὶ
504 828 632 895 τοὺς
659 854 760 901 μεν
789 833 1114 901 ἐξέπεμπον,
1144 829 1195 885 οἳ
1224 827 1274 885 δ’
1307 831 1445 901 ἡκον
1479 831 1640 899 ξένοι,
1766 842 1846 885 640

389 912 533 971 ὥσθ’
561 912 750 986 ἡδυς’
723 917 808 970 αει
831 913 1019 979 καινὸς
1044 911 1123 971 ῶν
1147 927 1418 970 καινοῖσιν
1442 916 1493 985 ἠ.

388 997 418 1055 ὃ
447 997 500 1056 δ’
530 997 729 1056 εὐκτὸν
752 997 1126 1073 ἀνθρώποισι,
1154 1022 1258 1054 καν
1285 996 1515 1055 άκουσιν
1540 991 1592 1071 ᾗ,

389 1089 607 1141 δίκαιον
638 1084 785 1140 εἶναί
808 1082 864 1156 μ’
893 1082 921 1141 ὁ
951 1081 1171 1155 νόμος
1143 1107 1176 1154 η
1202 1083 1370 1155 φύσις
1393 1082 1454 1139 θ’
1489 1080 1598 1155 άμα

386 1182 610 1241 παρεῖχε
638 1176 712 1225 τῶ
741 1176 873 1225 θεῶ.
899 1175 1069 1224 ταῦτα
1092 1167 1501 1239 συννοούμενος

387 1261 623 1324 κρείσσω
649 1260 849 1325 νομίζω
881 1250 1115 1309 τάνθάδ’
1150 1249 1386 1324 ἢτάκεῖ,
1419 1253 1606 1323 πάτερ.
1763 1264 1845 1308 645

390 1345 450 1394 ἔα
477 1336 529 1394 δ’
559 1337 643 1411 ἔμ’
674 1336 848 1395 αὐτοῦ
874 1345 997 1410 ζῆν·
1031 1347 1119 1409 ἴση
1144 1336 1248 1409 γὰρ
1280 1335 1313 1409 ἡ
1338 1337 1509 1409 χάρις,

387 1423 670 1495 μεγάλοισι
691 1430 905 1497 χαίρειν
930 1423 1131 1495 σμικρά
1157 1420 1220 1479 θ’
1250 1420 1424 1495 ἡδέως
1448 1429 1610 1495 ἔχειν.

385 1515 563 1574 καλῶς
593 1512 801 1579 ἔλεξας,
836 1518 987 1579 εἴπερ
1013 1505 1107 1573 οὓς
1138 1506 1243 1579 ἐγώ
1276 1514 1418 1579 φιλῶ

386 1596 449 1649 ἐν
477 1607 617 1649 τοισι
643 1608 819 1650 σοισιν
844 1591 1240 1665 εὐτυχήσουσιν
1270 1592 1464 1664 λόγοις.

197 1680 358 1742 ΞΟΤ.
384 1684 589 1736 παῦσαι
615 1678 796 1751 λόγων
818 1677 983 1734 τῶνδ’
992 1675 1287 1749 ,εὐτυχεῖν
1316 1675 1368 1733 δ’
1405 1681 1686 1733 ἐπίστασο·
1763 1688 1846 1732 650

388 1766 535 1818 θέλω
568 1788 671 1837 γαρ
698 1765 870 1835 οὗπέρ
898 1761 948 1820 σ’
975 1764 1149 1835 ηὗρον
1180 1760 1480 1835 άρξασθαι,
1506 1764 1717 1831 τέκνον,

389 1854 574 1918 κοινῆς
601 1851 862 1919 τραπέζης
889 1854 1046 1904 δαῖτα
1076 1846 1210 1920 πρὸς
1233 1846 1427 1919 κοινὴν
1455 1845 1654 1915 πεσών,

391 1937 567 1988 θῦσαί
595 1931 666 1988 θ’
696 1931 729 1988 ἅ
752 1953 852 1990 σου
884 1935 1016 2004 πρὶν
1037 1929 1282 2004 γενέθλι’
1317 1929 1419 1988 οὐκ
1452 1931 1751 2001 ἐθύσαμεν.

391 2019 482 2072 καὶ
503 2023 610 2073 νῦν
639 2018 739 2089 μὲν
765 2014 835 2084 ῶς
863 2017 929 2090 δὴ
961 2020 1117 2085 ξένον
1143 2015 1293 2088 ἄγων
1322 2015 1372 2072 σ’
1408 2019 1661 2089 ἐφέστιον

389 2106 661 2158 δείπνοισι
690 2105 869 2175 τέρψω
888 2123 898 2133 ·
926 2109 1020 2174 τῆς
1049 2101 1102 2158 δ’
1123 2100 1437 2173 Ἀθηναίων
1465 2098 1666 2172 χθονὸς
1767 2112 1849 2156 655

391 2183 498 2254 ἔξω
523 2186 733 2258 θεατὴν
763 2192 966 2259 δῆθεν,
994 2183 1064 2252 ῶς
1091 2184 1193 2243 οὐκ
1221 2184 1336 2243 ὅντ’
1365 2186 1514 2257 ἐμόν.

389 2272 481 2326 καὶ
510 2271 612 2345 γὰρ
644 2285 882 2343 γυναῖκα
905 2271 1004 2343 τὴν
1029 2270 1165 2343 ἐμὴν
1197 2268 1263 2327 ού
1292 2271 1562 2342 βούλομαι

396 2363 593 2413 λυπεῖν
624 2353 855 2413 ἄτεκνον
882 2349 1056 2413 οὖσαν
1083 2354 1248 2420 αὐτὸς
1273 2352 1538 2425 εὐτυχῶν.

392 2440 571 2516 χρόνῳ
601 2442 663 2498 δὲ
690 2441 887 2515 καιρὸν
915 2441 1213 2513 λαμβάνων
1239 2441 1575 2510 προσάξομαι

393 2524 622 2598 δάμαρτ’
655 2531 750 2583 ἐᾶν
773 2545 834 2583 σε
859 2533 1105 2598 σκῆπτρα
1127 2521 1250 2595 τᾶμ’
1287 2531 1430 2595 ἔχειν
1459 2522 1679 2595 χθονός.
1767 2535 1852 2580 660

375 2607 539 2666 Ἴωνα
565 2607 619 2666 δ’
649 2609 891 2683 ὀνομάζω
936 2631 999 2669 σε
1037 2616 1101 2683 τῇ
1127 2609 1261 2682 τύχῃ
1286 2611 1514 2680 πρέπον,

392 2693 659 2751 ὁθούνεκ’
694 2694 916 2754 ἀδύτων
940 2695 1136 2763 ἐξιόντι
1160 2717 1252 2765 μοι
1279 2699 1419 2749 θεοῦ

397 2789 543 2851 ἴχνος
569 2786 818 2852 συνῆψας
842 2786 1070 2851 πρῶτος.
1103 2776 1240 2834 ἀλλὰ
1265 2784 1376 2833 τῶν
1400 2788 1583 2849 φίλων

389 2862 640 2938 πλήρωμ’
671 2863 936 2938 ἀθροίσας
960 2863 1225 2938 βουθύτῳ
1254 2861 1361 2918 σὺν
1385 2859 1559 2935 ἡδονῇ
