2018 3117
179 97 280 148 228

794 153 812 172 ἲ
844 163 848 166 ⁴
870 90 1159 139 ΜΗΔΕῙΛ

373 249 659 310 γυναῖκες,
684 230 831 304 ὄμμα
859 228 1103 302 φαιδρόν
1128 226 1200 294 ὡς
1227 229 1376 285 εἶδον
1401 231 1628 286 τέκνων.

373 319 477 378 οὐκ
501 317 571 376 ἂν
599 323 904 389 δυναίμην·
930 316 1161 387 χαιρέτω
1185 315 1536 386 βουλεύματα

374 409 440 462 τὰ
463 404 740 477 πρόσθεν·
766 399 876 468 ἄξω
902 404 1101 464 παῖδας
1125 402 1184 455 ἐκ
1209 405 1368 471 γαίας
1393 398 1572 470 ἐμούς.

374 497 433 546 τί
451 495 540 546 δεῖ
559 512 625 561 με
650 489 856 559 πατέρα
879 490 1057 542 τῶνδε
1082 497 1192 550 τοῖς
1213 483 1429 540 τούτων
1455 495 1644 548 κακοῖς

376 580 666 631 λυποῦσαν
690 569 866 643 αὐτὴν
891 573 976 635 δὶς
1000 570 1132 625 τόσα
1156 574 1399 625 κτᾶσθαι
1421 567 1594 635 κακά;

378 657 446 716 οὐ
474 656 595 732 δῆτ’
625 665 814 731 ἔγωγε.
840 657 1070 728 χαιρέτω
1096 653 1463 726 βουλεύματα.

375 751 554 802 καίτοι
580 750 638 800 τί
658 743 876 814 πάσχω;
903 740 1172 813 βούλομαι
1196 735 1389 810 γέλωτ’
1420 735 1618 810 ὀφλεῖν

377 828 614 903 ἐχθροὺς
637 837 870 900 μεθεῖσα
894 824 1024 890 τοὺς
1047 823 1210 896 ἐμοὺς
1236 821 1525 896 άζημίους;

378 917 675 986 τολμητέον
697 908 844 969 τάδ’.
871 908 1009 967 ἀλλὰ
1032 915 1125 986 τῇς
1149 912 1278 989 ἐμῆς
1303 908 1489 984 κάκῃς,

378 998 438 1056 τὸ
464 1001 556 1055 καὶ
580 999 852 1069 προέσθαι
875 992 1198 1068 μαλθακοὺς
1223 1001 1422 1071 λογους
1449 992 1669 1073 φρενός.

377 1097 600 1157 χωρεῖτε
625 1087 816 1148 παῖδες
843 1087 917 1146 εἰς
943 1079 1172 1151 δόμους·
1201 1076 1307 1154 ὅτῳ
1335 1079 1396 1134 δὲ
1421 1076 1494 1150 μὴ

381 1171 540 1240 θέμις
565 1181 822 1241 παρεῖναι
847 1179 958 1230 τοῖς
984 1168 1160 1236 ἐμοῖσι
1184 1164 1452 1235 θύμασιν,

382 1252 531 1329 αὐτῷ
557 1252 807 1325 μελήσει·
834 1263 989 1323 χεῖρα
1014 1247 1067 1306 δ’
1098 1245 1165 1304 οὗ
1192 1253 1503 1320 διαφθερῶ.

382 1332 416 1395 ἆ
443 1331 491 1394 ἆ
606 1313 640 1364 v
875 1320 1462 1344 W

381 1423 454 1496 μὴ
482 1428 645 1495 δῆτα,
673 1424 851 1494 θυμέ,
880 1421 952 1492 μή
980 1417 1142 1489 [ποτ’]
1171 1419 1374 1492 ἐργάσῃ
1400 1419 1555 1475 τάδε·

383 1515 548 1566 ἔασον
575 1506 808 1577 αὐτούς,
838 1499 881 1561 ὦ
904 1505 1101 1576 τάλαν,
1130 1517 1317 1576 φεῖσαι
1341 1506 1577 1560 τέκνων·

383 1597 501 1650 ἐκεῖ
519 1590 649 1665 μεθ’
682 1589 837 1664 ἡμῶν
861 1597 1057 1659 ζῶντες
1083 1587 1436 1661 εὖφρανοῦσί
1464 1613 1546 1660 με.

386 1677 461 1751 μὰ
484 1677 614 1743 τοὺς
639 1674 770 1748 παρ’
795 1673 956 1748 Ἅιδῃ
980 1676 1276 1746 νερτέρους
1299 1671 1618 1747 ἀλάστορας,

389 1761 544 1820 οὗτοι
576 1759 697 1818 ποτ’
729 1768 879 1817 ἔσται
903 1757 1064 1815 τοῦθ’
1097 1757 1243 1824 ὅπως
1272 1763 1490 1831 ἐχθροῖς
1515 1756 1621 1830 ἐγώ

385 1854 585 1913 παῖδας
609 1847 836 1918 παρήσω
861 1844 990 1910 τοὺς
1015 1843 1178 1915 ἐμοὺς
1202 1850 1560 1916 καθυβρίσαι..

391 1934 608 1999 πάντως
634 1934 914 2010 πέπρωται
939 1936 1111 1986 ταῦτα
1136 1926 1275 1985 κούκ
1301 1928 1639 2000 ἐκφεύξεται.

391 2019 484 2074 καὶ
509 2016 576 2088 δὴ
600 2014 682 2073 ’πὶ
706 2019 865 2088 κρατὶ
890 2017 1183 2085 στέφανος,
1209 2017 1270 2070 ἐν
1294 2016 1547 2071 πέπλοισι
1574 2013 1635 2068 δὲ

387 2103 579 2175 νύμφη
605 2102 877 2173 τύραννος
902 2098 1155 2169 ὄλλυται,
1185 2096 1320 2171 σάφ’
1351 2096 1459 2155 οἶδ’
1488 2096 1611 2169 ἐγώ.

393 2185 513 2243 ἄλλ’
545 2185 653 2258 εἶμι
678 2184 781 2257 γὰρ
808 2183 878 2256 δὴ
903 2184 1341 2255 τλημονεστάτην
1367 2181 1518 2253 ὁδόν,

391 2274 501 2341 [καὶ
524 2271 723 2327 τούσδε
747 2271 940 2341 πέμψω
966 2271 1401 2339 τλημονεστέραν
1426 2274 1518 2336 ἔτι]

389 2362 590 2421 παῖδας
617 2367 938 2426 προσειπεῖν
967 2353 1253 2425 βούλομαι.
1281 2350 1421 2420 δότ’,
1450 2346 1493 2407 03
1523 2356 1704 2422 τέκνα,

394 2440 509 2498 δότ’
539 2439 892 2497 ἀσπάσασθαι
916 2439 1080 2510 μητρὶ
1105 2437 1291 2504 δεξιὰν
1313 2440 1461 2509 χέρα.

393 2520 435 2582 ὦ
463 2525 692 2598 φιλτάτη
716 2548 863 2597 χειρ,
892 2531 1155 2595 φιλτατον
1181 2524 1245 2577 δέ
1266 2546 1356 2593 μοι
1383 2523 1523 2595 κάρα

391 2614 483 2668 καὶ
507 2617 682 2682 σχῆμα
705 2611 798 2665 καὶ
823 2609 1121 2680 πρόσωπον
1148 2605 1367 2678 εὐγενὲς
1395 2610 1622 2676 τέκνων,

394 2813 579 2867 πάντως
611 2813 697 2872 σφ’
730 2813 908 2872 ἀνάγκη
942 2819 1225 2859 κατθανεῖν·
1259 2811 1357 2858 ἐπεὶ
1390 2813 1440 2858 δὲ
1472 2813 1576 2871 χρή,

390 2884 524 2943 ἡμεῖς
552 2889 801 2944 κτενοῦμεν
828 2889 962 2941 οἵπερ
997 2884 1297 2941 ἐξεφύσαμεν.

1735 410 1842 455 1045

1739 837 1849 880 1050

1743 1260 1852 1303 1055

1744 1770 1856 1815 1060

1745 2025 1855 2069 1065

1748 2446 1859 2492 1070

1754 2815 1862 2856 1062
