2018 3117
773 85 1124 132 ΤΡΩΙΑΔΕΣ
1638 84 1739 136 385

269 232 468 296 ..ἔθιγες
494 230 700 296 ἔθιγες·
739 218 782 280 ῶ
809 227 974 296 μέγας
996 229 1119 297 ἐμοί
1138 223 1259 281 ποτ’
1290 222 1370 281 ῶν

286 307 536 380 ἆνάκτωρ
562 309 784 374 πόλεως.

100 400 210 449 ΕΚ.
282 391 315 448 ἃ
340 391 393 449 δ’
422 397 481 449 ἐν
503 393 693 464 γάμοις
719 397 881 465 ἐχρῆν
906 413 965 449 σε
990 396 1338 494 προσθέσθαι
1364 399 1485 467 χροὶ

281 475 600 533 Ἀσιατίδων
626 478 871 549 γήμαντα
894 477 994 548 τὴν
1018 475 1345 550 ὑπερτάτην,

289 562 506 663 Φρύγια
530 563 753 617 πέπλων
779 559 1042 633 ἀγάλματ’
1071 562 1277 628 ἐξάπτω
1302 561 1478 633 χροός
1634 577 1745 619 1220

287 646 356 701 σύ
380 643 428 700 τ’
459 647 498 699 ῶ
525 643 647 699 ποτ’
680 639 817 701 οὖσα
843 653 1123 701 καλλίνικε
1147 653 1364 717 μυρίων

286 737 452 801 μῆτερ
482 736 788 800 τροπαίων,
801 726 1054 801 Έκτορος
1079 737 1245 801 φίλον
1271 731 1450 800 σάκος,

290 818 566 884 στεφανοῦ
583 831 593 841 ·
619 822 789 869 θανεῖ
807 812 910 886 γὰρ
935 812 1000 869 οὗ
1025 821 1279 870 θανοῦσα
1302 814 1407 870 σὺν
1430 820 1609 890 νεκρῷ
1625 834 1636 844 ·

288 899 406 954 ἐπεὶ
431 898 491 953 σὲ
515 903 698 971 πολλῷ
723 903 932 968 μᾶλλον
955 894 990 969 ἢ
1013 896 1077 953 τὰ
1101 904 1199 953 τοῦ
1223 904 1401 970 σοφοῦ

285 988 457 1037 κακοῦ
485 977 533 1037 τ’
565 978 868 1046 Ὀδυσσέως
892 979 1043 1048 ἄξιον
1066 988 1228 1054 τιμᾶν
1252 979 1408 1038 ὅπλα.
1638 998 1746 1039 1225

101 1074 213 1121 ΧΟ.
285 1072 404 1121 αἰαῖ
424 1072 554 1133 αἰαῖ,

287 1149 488 1221 πικρὸν
511 1145 725 1221 ὄδυρμα
750 1150 878 1220 γαῖά
900 1148 972 1216 σ’,
1005 1143 1047 1205 ῶ

289 1236 508 1305 τέκνον,
536 1236 759 1300 δέξεται.

288 1319 572 1388 στέναξον,
600 1323 785 1388 μᾶτερ,
815 1325 931 1373 ΕΚ.
959 1324 1087 1374 αιάῖ.

105 1410 214 1458 ΧΟ.
282 1407 498 1474 νεκρῶν
523 1411 729 1473 ἴακχον.
755 1409 871 1457 ΕΚ.
902 1411 1047 1473 οἴμοι
1070 1426 1176 1473 μοι.
1639 1417 1751 1461 1230

100 1494 212 1541 ΧΟ.
285 1495 427 1556 οἴμοι
452 1492 587 1558 δῆτα
615 1493 729 1542 σῶν
753 1484 1001 1542 ἀλάστων
1026 1493 1227 1542 κακῶν.

103 1577 211 1625 ΕΚ.
283 1577 589 1641 τελαμῶσιν
614 1574 742 1642 ἕλκη
767 1571 832 1625 τὰ
855 1571 955 1641 μὲν
981 1571 1088 1641 ε’γῶ
1113 1569 1165 1627 σ’
1196 1570 1431 1641 ἰάσομαι,

285 1655 507 1725 τλήμων
532 1654 714 1727 ἰατρὸς
739 1652 897 1726 ὄνομ’
929 1661 1152 1726 ἔχουσα,
1177 1653 1349 1727 τᾶργα
1375 1651 1428 1709 δ’
1456 1652 1550 1711 οὗ·

284 1738 349 1793 τὰ
377 1737 427 1795 δ’
458 1742 517 1794 ἐν
539 1753 782 1811 νεκροῖσι
808 1753 1061 1811 φροντιεῖ
1081 1739 1256 1811 πατὴρ
1282 1740 1465 1794 σέθεν.

97 1830 212 1878 XO.
284 1821 477 1895 ἕὲρασσ’
510 1822 711 1895 ἄρασσε
736 1829 907 1896 κρᾶτα
1640 1837 1749 1880 1235

286 1907 548 1971 πιτύλους
574 1913 806 1964 διδοῦσα
827 1909 1032 1978 χειρός,
1062 1907 1126 1963 ἰῶ
1150 1914 1247 1979 μοί
1266 1931 1373 1978 μοι.

99 1998 211 2046 ΕΚ.
281 1983 324 2045 ῶ
329 1997 604 2109 Σφίλταται
628 2005 901 2063 γυναῖκες.

97 2082 212 2131 XO.
280 2082 328 2111 ,5
330 2083 386 2109 5
410 2082 625 2148 ἐννεπε,
659 2100 783 2133 τινα
807 2084 995 2147 θροεῖς
1020 2077 1228 2132 αυδάν·
1217 2102 1229 2144 ;

99 2166 210 2215 ΕΚ.
283 2183 382 2215 ουκ
407 2153 477 2231 ἦν
502 2158 593 2234 άρ’
622 2164 681 2216 ἐν
704 2171 884 2217 θεοῖσι
911 2160 1054 2233 πλὴν
1078 2160 1240 2232 οὑμοὶ
1262 2161 1423 2216 πόνοι
1641 2174 1750 2216 1240

292 2250 458 2314 Τροία
487 2268 545 2300 τε
570 2246 786 2301 πόλεων
810 2252 1060 2317 ἔκκριτον
1089 2248 1410 2317 μισουμένη,

288 2329 462 2400 μάτην
486 2327 538 2385 δ’
571 2333 1003 2401 ἐβουθυτοῦμεν.
1034 2336 1084 2385 εἰ
1106 2328 1157 2385 δ’
1175 2328 1323 2400 -ἡμᾶς
1345 2327 1476 2393 θεὸς

287 2418 512 2484 ἔστρεψε
538 2412 684 2469 τᾶνω
710 2413 1025 2487 περιβαλών
1049 2414 1193 2468 κάτω
1218 2412 1438 2483 χθονός,

287 2494 518 2567 ἀφανεῖς
541 2494 610 2554 ἂν
635 2495 788 2563 ὅντες
812 2496 913 2553 οὐκ
937 2495 1006 2553 ἂν
1031 2495 1376 2569 ὑμνηθεῖμεν
1401 2493 1469 2551 ἂν

286 2580 515 2650 μούσαις
542 2580 729 2646 ἀοιδὰς
755 2583 942 2646 δόντες
972 2579 1245 2653 ἀφθίτους
1269 2587 1499 2653 βροτῶν.
1636 2595 1748 2637 1245

285 2678 534 2736 χωρεῖτε,
560 2663 789 2722 θάπτετ’
819 2664 998 2740 ἀθλίω
1022 2666 1210 2740 τύμβῳ
1236 2666 1463 2739 νεκρόν·

286 2754 393 2818 ἔχει
417 2747 520 2820 γὰρ
547 2747 633 2805 οἷα
659 2755 748 2805 δεῖ
768 2773 829 2821 γε
851 2752 1126 2822 νερτέρων
1150 2752 1338 2822 στέφη.

287 2837 432 2887 δοκῶ
458 2833 518 2888 δὲ
541 2847 650 2898 τοῖς
673 2841 913 2890 θανοῦσι
938 2837 1227 2908 διαφέρειν
1249 2841 1444 2908 βραχύ,

234 2929 383 2960 ΕνΡαΡ.
422 2932 524 2963 vo1..
562 2919 615 2962 II.
1344 2914 1409 2965 25
