2018 3117
182 94 283 146 184

184 412 238 462 Κ
239 414 295 462 Υ.

185 1089 300 1141 XO.

188 1766 305 1814 OA.

191 1935 299 1983 ΚΤ.

188 2020 305 2068 ΟΔ.

185 2105 300 2153 ΚΤ.

190 2190 306 2238 ΟΔ.

186 2274 300 2322 ΚΤ.

190 2359 307 2406 ΟΛ.

190 2443 301 2491 ΚΤ.

191 2528 308 2575 ΟΔ.

186 2612 303 2660 ΚΤ.

192 2696 309 2744 ΟΔ.

188 2781 306 2828 ΚΤ.

192 2865 310 2912 ΟΔ.

851 92 1094 139 ΚΥΚΛΩ,
1107 94 1163 138 Ψ

371 235 733 309 μυρόχριστος
756 231 993 304 λιπαρὸν
1016 231 1116 303 βό-

371 340 634 392 στρυχον,
662 315 809 391 αὐδᾷ
835 318 921 372 δέ·
952 316 1142 389 θύραν
1166 322 1246 381 τίς
1273 320 1404 383 οἴξει
1428 340 1548 388 μοις

364 415 632 480 παπαπαῖ,
659 404 835 466 πλέως
860 402 961 473 μὲν
984 409 1159 472 οἴνου,
1526 399 1642 458 ἀντ.

369 490 610 561 γάνυμαι
639 487 698 542 δὲ
725 486 910 551 δαιτὸς
936 484 1061 557 ἥβῃ,

371 573 581 644 σκάφος
611 568 775 636 ὁλκὰς
800 568 872 636 (ὃς
895 571 1178 642 γεμισθεὶς
1764 582 1848 623 505

372 659 496 714 ποτὶ
521 659 689 727 σέλμα
717 655 950 727 γαστρὸς
979 653 1163 726 ἄκρας.

370 740 572 813 ὑπάγει
598 739 656 813 μ’
686 738 712 797 ὁ
737 741 928 812 χόρτος
954 737 1180 811 εὔφρων

373 829 462 884 ἐπὶ
487 833 676 898 κῶμον
706 818 835 897 ἦρος
862 822 1045 897 ὥραις,

376 914 464 968 ἐπὶ
490 911 803 975 Κύκλωπας
832 908 1126 980 ἀδελφούς.

375 999 509 1068 φέρε
533 1020 653 1068 μοι,
683 999 853 1065 ξεῖνε,
883 992 1033 1067 φέρ’,
1062 992 1234 1049 ἀσκὸν
1266 998 1422 1057 ἔνδος
1456 1016 1563 1064 μοι.
1760 1005 1844 1047 510

369 1081 540 1138 καλὸν
566 1079 806 1152 ὄμμασιν
831 1078 1108 1151 δεδορκώς
1535 1075 1650 1132 ἆντ.
1680 1076 1729 1148 β’

372 1166 536 1231 καλὸς
560 1168 763 1237 ἐκπερᾷ
785 1164 1099 1236 μελάθρων.

374 1259 397 1284 *
436 1256 462 1282 *
496 1258 519 1282 *
558 1257 710 1318 φιλεῖ
728 1271 807 1312 τις
836 1247 984 1318 ἡμᾶς.

372 1335 545 1404 λύχνα
572 1333 624 1389 δ’
656 1332 883 1405 ἀμμένει
913 1332 1040 1388 δάια
1067 1330 1166 1387 σὸν

373 1419 507 1490 χρόα
530 1417 637 1490 χώς
673 1422 889 1489 τέρεινα
918 1417 1112 1489 νύμφα
1759 1429 1842 1471 515

377 1510 658 1576 δροσερών
687 1511 902 1559 ἔσωθεν
933 1500 1165 1574 ἄντρων.

374 1589 666 1660 στεφάνων
693 1587 747 1644 δ’
780 1586 846 1643 οὐ
875 1593 973 1658 μιά
998 1585 1156 1657 χροια

373 1676 499 1745 περὶ
523 1673 624 1730 σὸν
654 1680 824 1744 κρᾶτα
853 1669 970 1743 τάχ’
1004 1670 1323 1742 ἐξομιλήσει.

374 1758 650 1824 Κύκλωψ,
680 1755 946 1826 ἄκουσον,
982 1754 1053 1820 ὡς
1081 1754 1186 1827 ἐγώ
1213 1761 1310 1810 τοῦ
1335 1760 1578 1824 Βακχίου

379 1843 578 1898 τούτου
606 1849 813 1914 τρίβων
839 1839 967 1913 εἰμ’,
997 1838 1062 1896 ὂν
1087 1853 1234 1896 πιεῖν
1265 1839 1445 1895 ἔδωκά
1470 1857 1572 1894 σοι.
1759 1853 1842 1894 520

373 1925 400 1983 ὁ
428 1927 659 1997 Βάκχιος
687 1928 746 1983 δὲ
777 1933 856 1991 τίς
913 1925 1044 1990 θεὸς
1070 1932 1371 1996 νομίζεται;

373 2014 619 2084 μέγιστος
650 2009 1033 2083 ἀνθρώποισιν
1061 2016 1134 2076 εἰς
1163 2013 1356 2083 τέρψιν
1386 2015 1530 2080 βίου.

368 2095 654 2169 ἐρυγγάνω
680 2103 819 2167 γοῦν
843 2093 1014 2151 αὐτὸν
1044 2093 1218 2166 ἡδέως
1245 2093 1367 2165 ἐγώ.

375 2176 580 2237 τοιόσδ’
611 2178 638 2235 ὁ
666 2185 878 2251 δαίμων
895 2199 906 2209 ·
935 2177 1138 2234 οὐδένα
1162 2179 1387 2250 βλάπτει
1411 2183 1643 2250 βροτῶν.

371 2265 503 2331 θεὸς
533 2262 585 2320 δ’
615 2268 675 2321 ἐν
699 2263 848 2339 ἀσκῷ
873 2270 986 2328 πῶς
1013 2262 1207 2334 γέγηθ’
1245 2272 1431 2327 οἴκους
1458 2269 1624 2332 ἕχων;
1759 2275 1841 2317 525

377 2348 519 2406 ὅπου
542 2356 672 2421 τιθῇ
698 2374 803 2420 τις,
833 2349 1028 2404 ἐνθάδ’
1063 2350 1210 2403 ἐστὶν
1237 2345 1480 2418 εὐπετής.

373 2433 438 2490 οὐ
465 2434 593 2499 τοὺς
616 2433 787 2499 θεοὺς
811 2440 950 2506 χρῆν
980 2430 1118 2504 σῶμ’
1156 2438 1300 2502 ἔχειν
1325 2435 1384 2486 ἐν
1408 2433 1690 2503 δέρμασιν.

376 2526 434 2575 τί
454 2517 527 2589 δ’,
557 2528 611 2575 εἴ
629 2538 688 2575 σε
713 2522 897 2589 τέρπει
922 2516 975 2589 γ’
998 2544 1011 2585 ;
1038 2514 1073 2588 ἢ
1100 2516 1158 2572 τὸ
1186 2519 1357 2589 δέρμα
1383 2535 1468 2571 σοι
1494 2514 1721 2587 πικρόν;

371 2610 512 2675 μισῶ
538 2602 634 2658 τὸν
659 2601 857 2659 ἀσκόν·
883 2602 943 2658 τὸ
969 2603 1030 2658 δὲ
1055 2600 1223 2657 ποτὸν
1254 2607 1398 2672 φιλῶ
1424 2601 1566 2656 τόδε.

378 2690 561 2760 μένων
592 2712 698 2743 νυν
731 2686 904 2743 αὐτοῦ
931 2700 1055 2743 πῖνε
1082 2684 1371 2756 κεύθύμει,
1403 2685 1668 2749 Κύκλωψ.
1757 2696 1840 2738 530

375 2770 441 2828 οὐ
471 2772 574 2844 χρή
599 2770 655 2843 μ’
687 2770 947 2843 ἀδελφοῖς
971 2777 1135 2827 τοῦδε
1160 2776 1501 2837 προσδοῦναι
1524 2773 1727 2835 ποτοῦ;

378 2863 517 2928 ἔχων
541 2856 644 2928 γὰρ
670 2854 835 2921 αὐτὸς
858 2856 1174 2928 τιμιώτερος
1199 2868 1379 2927 φανεῖ.
