2018 3117
227 99 330 150 426

238 587 372 635 TEI.

235 1519 339 1567 KP.

239 1859 359 1907 TE]
366 1897 374 1905 .

232 1943 340 1992 KP.

243 2112 376 2162 TEI.

235 2621 282 2670 Κ
289 2622 341 2671 Ρ.

888 100 1269 146 ΦΟΙΝΙΣΣΑΙ

419 239 689 312 μυριάδας
719 235 772 294 δ’
804 235 1038 311 ἀγαθῶν
1052 240 1253 305 ἑτέροις
1271 242 1389 296 ἑτέ-
1808 254 1892 300 830

419 349 519 397 ρας
560 326 995 396 μεταμειβομένα
1019 322 1175 390 πόλις
1201 321 1293 380 ἅδ’
1322 321 1408 380 ἐπ’
1439 321 1503 379 ἇ-

421 432 574 481 κροις
599 412 827 465 ἔστακεν
850 406 1011 482 Ἀρῄ-

422 517 502 558 οις
531 492 904 565 στεφάνοισιν.

420 575 561 649 ἡγοῦ
587 577 853 651 πάροιθε,
882 577 1157 650 θύγατερ·
1189 574 1257 644 ὡς
1283 583 1475 654 τυφλῷ
1501 579 1631 633 ποδὶ

420 660 710 734 ὀφθαλμὸς
736 662 785 718 εἷ
805 662 902 734 σύ,
928 663 1293 735 ναυβάταισιν
1316 660 1518 735 ἄστρον
1543 659 1641 727 ῶς·
1808 676 1891 721 835

423 745 578 821 δεῦρ’
613 754 688 814 εἰς
712 747 772 804 τὸ
799 747 1002 821 λευρὸν
1026 750 1196 804 πέδον
1221 756 1370 819 ἴχνος
1393 744 1592 803 τιθεῖσ’
1624 746 1773 819 ε’μόν,

419 832 687 904 πρόβαινε
703 877 717 904 ,
744 832 816 905 μὴ
841 840 1165 905 σφαλῶμεν·
1195 830 1439 904 ἀσθενὴς
1462 831 1639 905 πατήρ
1657 851 1667 861 ·

422 917 661 990 κλήρους
685 920 745 973 τέ
765 941 859 990 μοι
885 918 1134 990 φύλασσε
1159 920 1423 992 παρθένῳ
1447 923 1583 989 χερί,

419 1000 516 1069 οὓς
542 1009 742 1075 ἔλαβον
769 1000 1089 1074 οἰωνίσματ’
1119 1001 1373 1072 ὀρνίθων
1395 1001 1598 1074 μαθων

419 1088 679 1144 θάκοισιν
708 1090 767 1143 ἐν
795 1093 1052 1156 ἱεροῖσιν,
1082 1080 1151 1142 οῦ
1174 1087 1530 1158 μαντεύομαι.
1807 1101 1892 1145 840

421 1175 615 1228 τέκνον
638 1179 952 1243 Μενοικεῦ,
980 1185 1083 1228 παῖ
1101 1175 1404 1243 Κρέοντος,
1434 1174 1555 1228 εἰπέ
1574 1195 1666 1243 μοι

422 1258 560 1328 πόση
591 1280 670 1323 τις
696 1255 727 1328 ἡ
757 1255 1032 1323 ’πίλοιπος
1061 1254 1264 1323 ἄστεως
1289 1255 1416 1322 ὁδὸς

420 1341 555 1414 πρὸς
580 1345 786 1414 πατέρα
811 1341 907 1397 τὸν
934 1341 1057 1398 σόν·
1092 1340 1163 1408 ὡς
1189 1341 1320 1413 ε’μόν
1345 1341 1540 1413 κάμνει
1565 1341 1721 1413 γόνυ,

421 1426 639 1498 πυκνὴν
664 1428 725 1483 δὲ
748 1433 961 1498 βαίνων
988 1424 1185 1499 ἤλυσιν
1208 1426 1361 1498 μόλις
1387 1433 1554 1500 περῶ.

417 1511 640 1582 θάρσει·
669 1515 833 1578 πέλας
857 1512 960 1583 γάρ
978 1556 991 1583 ,
1029 1519 1308 1585 Τειρεσία,
1337 1519 1549 1585 φίλοισι
1575 1525 1692 1577 σοῖς
1810 1524 1893 1568 845

417 1600 690 1667 ἐξορμίσαι
730 1596 831 1653 σὸν
856 1597 1026 1653 πόδα·
1059 1604 1233 1669 λαβοῦ
1261 1596 1316 1653 δ’
1348 1595 1540 1668 αὐτοῦ,
1568 1598 1789 1653 τέκνον·

423 1678 495 1748 ῶς
519 1679 643 1738 πᾶσ’
676 1679 857 1755 ἀπήνη
884 1682 1022 1748 πούς
1048 1705 1105 1737 τε
1131 1682 1446 1754 πρεσβύτου
1472 1690 1623 1753 φιλεῖ

419 1766 600 1839 χειρὸς
623 1773 865 1839 θυραίας
890 1765 1186 1838 ἀναμένειν
1212 1774 1580 1839 κουφίσματα.

425 1851 562 1923 εἷεν,
591 1851 869 1924 πάρεσμεν
891 1871 901 1881 ·
936 1859 992 1907 τί
1011 1876 1076 1924 με
1103 1860 1284 1917 καλεῖς
1311 1857 1546 1924 σπουδῇ,
1573 1853 1784 1923 Κρεόν;

417 1934 571 1992 οὔπω
599 1935 896 2009 λελήσμεθ’
915 1961 926 1971 ·
957 1935 1093 1992 ἀλλὰ
1117 1937 1371 2003 σύλλεξαι
1395 1939 1594 2002 σθένος
1808 1948 1893 1993 850

424 2023 516 2077 καὶ
543 2020 741 2093 πνεῦμ’
776 2021 1071 2095 ἄθροισον,
1099 2022 1256 2088 αἶπος
1281 2021 1532 2094 ἐκβαλών
1558 2018 1710 2077 ὁδοῦ,

420 2106 573 2181 κόπῳ
602 2120 862 2178 παρεῖμαι
892 2113 1031 2178 γοῦν
1057 2106 1423 2181 Ἐρεχθειδῶν
1447 2105 1553 2162 ἄπο

423 2188 580 2261 δεῦρ’
611 2193 959 2262 ἐκκομισθεὶς
983 2198 1077 2263 τῆς
1102 2193 1375 2263 πάροιθεν
1400 2190 1627 2263 ἡμέρας·

423 2273 585 2331 κάκεῖ
604 2275 708 2347 γὰρ
735 2269 803 2347 ἦν
828 2301 908 2342 τις
933 2276 1166 2348 πόλεμος
1190 2274 1495 2347 Εὐμόλπου
1520 2275 1698 2347 δορός,

423 2353 491 2416 οῦ
516 2359 592 2416 κᾶ
616 2353 867 2427 ,ῦῗινίκους
890 2366 1239 2432 Κεκροπίδας
1265 2358 1424 2432 ἔθηκ’
1454 2360 1586 2432 ε’γῶ·
1808 2373 1890 2417 855

421 2448 514 2502 καὶ
539 2444 700 2501 τόνδε
723 2451 970 2518 χρυσοῦν
995 2449 1298 2518 στέφανον,
1331 2444 1402 2511 ὡς
1431 2443 1589 2519 ὁρᾷς,
1618 2452 1721 2516 ἔχω

422 2529 610 2602 λαβὼν
640 2528 884 2602 ἀπαρχὰς
909 2538 1188 2602 πολεμίων
1219 2530 1628 2602 σκυλευμάτων.

420 2613 623 2671 οἰωνὸν
650 2618 856 2687 ἐθέμην
881 2622 1171 2671 καλλίνικα
1195 2615 1264 2671 σὰ
1291 2617 1462 2687 στέφη
1479 2634 1489 2644 ·

427 2702 487 2757 ἐν
511 2699 614 2771 γὰρ
641 2700 888 2755 κλύδωνι
912 2697 1153 2772 κείμεθ’,
1181 2698 1363 2771 ῶσπερ
1391 2700 1556 2756 οἶσθα
1587 2719 1673 2770 συ,

424 2782 588 2855 δορὸς
611 2789 939 2855 Δαναϊδῶν,
967 2787 1060 2840 καὶ
1085 2787 1250 2857 μέγας
1275 2784 1481 2857 Θήβαις
1508 2782 1673 2855 ἄγων.
1803 2796 1888 2840 860

420 2867 677 2940 βασιλεὺς
702 2869 802 2940 μὲν
828 2861 931 2924 οὖν
957 2872 1157 2941 βέβηκε
1186 2872 1485 2941 κοσμηθεὶς
1511 2866 1698 2932 ὅπλοις
