2018 3117
221 1841 319 1889 XO

221 1925 326 1973 ΦΡ.

909 91 1221 141 ΟΡΕΣΤΗΣ

423 235 573 302 ἔρροι
596 235 689 295 τᾶς
715 226 927 302 ἡσύχου
952 238 1169 303 προνοί·

416 337 481 378 ας
505 319 808 386 κακοῦργος
835 311 930 370 ὤν.

420 401 479 454 οἳ
497 399 558 454 δὲ
580 396 714 471 πρὸς
737 399 983 471 θρόνους
1007 405 1111 456 ἔσω

420 482 680 553 μολόντες
704 474 765 549 ἇς
791 480 948 556 ἔγημ’
976 480 1004 540 ὁ
1031 484 1251 551 τοξότας
1275 484 1454 560 Πάρις

417 567 706 639 γυναικός,
733 565 879 641 ὄμμα
903 566 1163 642 δακρύοις
1774 591 1885 634 1410

419 653 794 724 πεφυρμένοι,
821 656 1069 710 ταπεινοὶ

418 734 623 808 ἕζονθ’,
654 733 682 793 ὃ
705 738 806 809 μὲν
829 737 887 794 τὸ
912 748 1131 809 κεῖθεν,
1158 740 1187 796 ὃ
1216 739 1277 796 δὲ

417 819 476 876 τὸ
503 831 722 893 κεῖθεν,
751 820 911 889 ἄλλος
937 821 1179 880 ἄλλοθεν
1202 828 1598 898 πεφραγμένοι.

417 907 544 978 περὶ
569 907 628 962 δὲ
653 907 792 978 γόνυ
817 910 976 979 χέρας
1006 913 1245 975 ἱκεσίους

416 995 615 1061 ἔβαλον
641 998 839 1063 ἔβαλον
857 990 1073 1060 Ἑλένας
1097 991 1278 1066 ἄμφω.
1772 1011 1882 1056 1415

416 1071 522 1130 ἀνὰ
545 1076 605 1131 δὲ
633 1076 903 1149 δρομάδες
929 1084 1132 1151 ἔθορον
1157 1084 1361 1151 ἔθορον

413 1156 716 1231 ἀμφίπολοι
740 1161 957 1233 Φρύγες
973 1181 984 1191 ·

414 1257 674 1313 προσεῖπε
699 1243 752 1301 δ’
782 1243 942 1313 ἄλλος
967 1243 1134 1305 ἄλλον
1158 1246 1342 1305 πεσών
1367 1252 1427 1305 ἐν
1451 1250 1627 1328 φόβῳ,

410 1328 484 1399 μή
510 1352 589 1395 τις
619 1339 701 1402 εἴη
727 1331 902 1397 δόλος.

412 1410 636 1471 κάδόκει
659 1429 770 1482 τοῖς
795 1416 896 1488 μὲν
921 1414 1006 1487 οὔ,
1770 1434 1879 1480 1420

415 1510 526 1563 τοῖς
552 1497 605 1555 δ’
638 1503 690 1566 ἐς
716 1499 1063 1574 ἀρκυστάταν

411 1583 660 1654 μηχανὰν
685 1588 974 1657 ἐμπλέκειν

413 1673 581 1725 παῖδα
605 1669 705 1726 τὰν
737 1668 1038 1744 Τυνδαρίδ’
1067 1668 1095 1728 ὃ

410 1755 790 1826 μητροφόντας
818 1756 1056 1828 δράκων.

405 1836 473 1892 σὺ
499 1836 551 1894 δ’
579 1831 728 1911 ἦσθα
752 1847 860 1897 ποῦ
887 1838 1013 1904 τότ’;
1047 1837 1082 1913 ἢ
1105 1842 1270 1898 πάλαι
1297 1842 1524 1915 φεύγεις
1549 1844 1737 1920 φόβῳ;
1765 1858 1875 1903 1425

407 1928 671 1994 Φρυγίοις
697 1931 892 1997 ἔτυχον
918 1933 1212 1998 Φρυγίοισι
1234 1927 1422 2000 νόμοις

407 2006 555 2078 παρὰ
579 2009 886 2082 βόστρυχον
909 2008 1090 2083 αὔραν
1114 2009 1294 2085 αὔραν

398 2085 614 2158 Ἑλένας
631 2090 847 2160 Ἑλένας
874 2093 1072 2166 εύπᾶγι
1097 2097 1282 2173 κύκλῳ

405 2182 643 2253 πτερίνῳ
669 2176 774 2250 πρὸ
803 2185 1069 2251 παρηίδος
1098 2179 1283 2255 ᾄσσων

408 2261 705 2334 βαρβάροις
730 2263 997 2336 νόμοισιν.
1761 2282 1872 2327 1430

408 2342 441 2399 Bc
466 2345 526 2401 δὲ
549 2352 706 2402 λίνον
729 2344 975 2422 ἠλακάτᾳ

403 2429 693 2496 δακτύλοις
718 2435 912 2504 ἕλισσε,

403 2515 548 2585 νῆμά
570 2512 633 2571 θ’
662 2521 771 2573 ἵετο
796 2520 961 2593 πέδῳ,

403 2599 624 2655 σκύλων
649 2608 914 2673 Φρυγίων
939 2605 1027 2659 ε’πὶ
1048 2603 1259 2676 τύμβον
1283 2602 1564 2681 ἀγάλματα
1831 2675 1834 2679 ,

400 2691 720 2741 συστολίσαι
744 2692 1017 2760 χρῄζουσα
1042 2695 1203 2763 λίνῳ,
1760 2703 1868 2746 1435

399 2767 580 2841 φάρεα
603 2771 921 2842 πορφύρεα,
951 2777 1102 2846 δῶρα
1126 2774 1603 2852 Κλυταιμνήστρᾳ.

398 2866 695 2924 προσεῖπεν
717 2854 769 2910 δ’
791 2854 1035 2925 Ὀρέστας
