2018 3117
211 108 323 159 258

213 257 335 306 XO.

889 109 1063 155 ΟΡΕΣ
1067 108 1205 153 ΤΗΣ

403 254 535 309 αἰαῖ,
1633 264 1745 315 στρ.

410 332 677 405 δρομάδες
703 323 747 385 ὦ
769 329 1103 403 πτεροφόροι

408 417 697 480 ποτνιάδες
727 421 874 486 θεαί,

411 499 751 573 άβάκχευτον
777 507 839 556 αἳ
862 505 1066 555 θίασον
1101 498 1304 568 ἐλάχετ’
1340 497 1399 551 ἐν

411 587 647 657 δάκρυσι
671 587 763 641 καὶ
786 584 951 655 γόοις,
1790 598 1875 643 320

407 671 785 742 μελάγχρωτες
808 667 1060 740 Εὐμενίδ
1066 691 1144 738 ες,
1174 672 1286 723 αἵτε
1312 668 1408 722 τὸν

407 753 612 811 ταναὸν
638 751 822 826 αἰθέρ’
853 750 1222 826 ἀμπάλλεσθ’,
1249 757 1469 824 αἵματος

409 840 694 911 τινύμεναι
721 844 909 909 δίκαν,
936 837 1223 909 τινύμεναι
1248 839 1443 909 φόνον,

406 923 836 995 καθικετεύομαι
864 922 1312 994 καθικετεύομαι,

405 1008 503 1066 τὸν
525 1007 928 1081 Ἀγαμέμνονος
1791 1022 1874 1065 325

406 1094 574 1165 γόνον
601 1091 782 1149 ἐάσατ’
812 1094 1151 1148 ἐκλαθέσθαι
1179 1091 1382 1157 λύσσας

405 1178 670 1250 μανιάδος
697 1179 1008 1249 φοιταλέου.
1057 1181 1166 1245 φεῦ
1188 1176 1431 1246 μόχθων,

408 1268 566 1333 οἴων,
595 1254 638 1317 ὦ
663 1262 850 1331 τάλας,
879 1258 1130 1333 ὀρεχθεὶς
1156 1267 1347 1334 ἔρρεις,

407 1352 666 1418 τρίποδος
691 1344 796 1403 ἄπο
827 1346 1022 1418 φάτιν,
1050 1343 1118 1402 ἂν
1142 1344 1170 1403 ὁ
1197 1353 1398 1418 Φοῖβος

411 1436 652 1503 [ἔλακεν]
685 1437 869 1496 ἔλακε,
899 1437 1191 1503 δεξάμενος
1219 1433 1353 1504 [ἀνα
1381 1437 1645 1506 δάπεδον]
1790 1445 1874 1489 330

409 1524 500 1575 ἵνα
525 1519 868 1591 μεσόμφαλοι
893 1518 1146 1589 λέγονται
1170 1522 1348 1589 μυχοί.

407 1597 450 1659 ὦ
479 1611 609 1675 Ζεῦ,
1626 1596 1738 1656 ἆντ,

406 1696 487 1754 τίς
513 1695 688 1759 ἔλεος,
714 1694 794 1752 τίς
820 1683 908 1742 ὅδ’
941 1684 1091 1758 ἄγων

405 1773 599 1845 φόνιος
623 1780 851 1844 ἔρχεται,

405 1859 623 1926 θοάζων
647 1876 708 1914 σε
734 1855 830 1913 τὸν
853 1859 1074 1928 μέλεον,
1103 1849 1145 1931 ᾦ
1171 1855 1387 1928 δάκρυα
1785 1868 1871 1911 335

407 1943 643 2013 δάκρυσι
667 1941 968 2014 συμβάλλει

411 2027 668 2099 πορεύων
694 2051 774 2092 τις
801 2033 876 2090 εἰς
901 2026 1072 2097 δόμον
1098 2023 1418 2098 ἀλαστόρων

410 2114 640 2185 ματέρος
666 2108 797 2182 αἷμα
823 2117 946 2181 σᾶς,
975 2108 1004 2166 ὅ
1027 2108 1078 2166 σ’
1109 2108 1504 2182 άναβακχεύει;

404 2196 849 2267 κατολοφύρομαι
875 2194 1336 2266 κατολοφύρομαι.

407 2278 435 2338 ὁ
462 2284 628 2353 μέγας
652 2278 815 2352 ὄλβος
839 2277 905 2336 οὐ
930 2278 1155 2351 μόνιμος
1180 2282 1239 2335 ἐν
1262 2287 1505 2351 βροτοῖς·
1783 2291 1872 2336 340

406 2362 511 2421 ἄνα
537 2366 597 2422 δὲ
621 2373 816 2436 λαῖφος
844 2361 916 2430 ὥς

406 2474 486 2515 τις
512 2448 717 2506 ἀκάτου
743 2455 882 2514 θοᾶς
910 2448 1127 2515 τινάξας
1153 2453 1365 2519 δαίμων

407 2537 742 2591 κατέκλυσεν
767 2539 968 2590 δεινῶν
993 2532 1198 2602 πόνων,
1227 2531 1298 2597 ὡς
1324 2532 1533 2589 πόντου

406 2619 631 2691 λάβροις
661 2616 1004 2692 ὀλεθρίοισιν
1030 2621 1088 2674 ἐν
1114 2639 1367 2689 κυμασιν.

406 2708 532 2759 τίνα
556 2702 659 2776 γὰρ
687 2710 765 2759 ἔτι
789 2703 959 2775 πάρος
985 2703 1138 2759 οἷκον
1163 2700 1330 2758 ἄλλον
1785 2715 1872 2759 345

409 2790 600 2859 ἕτερον
623 2784 657 2860 ἢ
681 2787 777 2844 τὸν
805 2785 909 2843 άπὸ
934 2786 1219 2860 θεογόνων
1243 2787 1434 2859 γάμων

716 2887 800 2931 316
816 2909 879 2915 -
894 2889 1066 2931 331:
1085 2888 1344 2931 332——3-‘17
