2018 3117
118 661 230 710 ὈΛ

130 1418 240 1467 XO.

801 95 1040 141 ΚΥΚΛΩ
1054 96 1106 141 Ψ
1673 93 1773 146 179

315 236 461 302 ξένια
487 234 548 289 δὲ
571 233 732 304 λήψει
755 231 951 304 τοιάδ’,
978 231 1049 298 ὦς
1077 231 1348 305 ἄμεμπτος
1373 227 1433 303 ὦ,

313 324 423 390 πῦρ
451 319 543 372 καὶ
567 324 820 392 πατρῷον
845 315 970 372 τόδε
995 318 1195 388 λέβητά
1219 315 1301 388 θ’,
1330 314 1388 382 ὂς
1413 319 1563 386 ζέσας

312 401 414 473 σὴν
439 402 611 474 σάρκα
636 399 975 472 διαφόρητον
1000 399 1224 471 ἀμφέξει
1248 408 1441 466 καλῶς.

315 483 434 541 ἀλλ’
465 483 644 556 ἕρπετ’
675 494 828 554 εἴσω,
855 491 928 558 τῷ
953 483 1072 539 κατ’
1101 484 1297 540 αὔλιον
1321 492 1436 560 θεῷ
1687 499 1769 542 345

313 568 386 625 ἵν’
419 567 559 640 ἀμφὶ
583 569 770 641 βωμὸν
795 569 1015 633 στάντες
1042 567 1281 640 εὐωχῆτέ
1308 593 1390 640 με.

313 660 452 723 αἰαῖ,
480 654 684 718 πόνους
706 654 807 723 μὲν
838 651 1118 724 Τρωικοὺς
1142 651 1414 719 ὑπεξέδυν

312 744 649 802 θαλασσίους
672 760 756 806 τε,
784 742 891 791 νῦν
916 741 948 791 δ
955 735 967 754 '
997 739 1049 800 ἐς
1073 735 1275 807 ἀνδρὸς
1300 735 1524 792 ἀνοσίου

312 823 536 893 γνώμην
562 823 824 891 κατέσχον
848 818 1110 891 άλίμενόν
1134 844 1191 876 τε
1215 826 1465 891 καρδίαν.

319 899 361 962 [3
382 904 631 975 Παλλάς,
660 898 703 959 ὦ
729 907 988 960 δέσποινα
1012 905 1275 976 Διογενὲς
1298 906 1421 975 θεά,
1686 919 1769 963 350

311 995 419 1046 νῦν
444 996 552 1044 νῦν
575 987 801 1061 άρηξον·
829 995 1150 1061 κρείσσονας
1174 987 1277 1060 γὰρ
1298 987 1458 1045 Ιλίον

313 1074 515 1138 πόνους
541 1071 774 1144 άφιγμαι
798 1071 930 1128 κάπὶ
957 1074 1225 1129 κινδύνου
1250 1074 1451 1146 βάθρα

314 1158 383 1214 σύ
406 1155 457 1213 τ’
465 1181 546 1227 ,ω
574 1163 832 1228 φαεννῶν
857 1155 1099 1230 ἀστέρων
1127 1163 1295 1213 οἰκῶν
1319 1162 1479 1231 έδρας

313 1249 422 1297 Ζεῦ
447 1239 602 1310 ξέ’,νι
629 1239 730 1314 ὅρα
754 1240 904 1296 τάδ’·
933 1247 982 1297 εί
1004 1241 1108 1312 γὰρ
1134 1240 1273 1297 αὐτα
1297 1242 1368 1314 μὴ
1395 1244 1630 1313 βλέπεις,

314 1325 489 1390 άλλως
511 1332 716 1396 νομίζει
740 1326 878 1389 Ζεύς
892 1369 905 1395 ,
932 1324 991 1380 τὸ
1019 1327 1190 1397 μηδεν
1217 1324 1321 1396 ω’ν,
1346 1326 1492 1390 θεός.
1685 1340 1768 1383 355

313 1408 528 1481 εὐρειας
553 1410 866 1481 φάρυγγος,
895 1433 934 1464 ω
961 1411 1206 1475 Κύκλωψ
1225 1453 1238 1480 ,

316 1492 626 1564 άναστόμου
656 1492 713 1549 τὸ
739 1502 938 1563 χεῖλος·
968 1517 1039 1558 ως
1063 1494 1247 1565 ε’τοιμά
1271 1513 1356 1549 σοι

316 1576 466 1649 ἑφθὰ
491 1579 582 1631 καὶ
609 1575 745 1633 ὀπτὰ
773 1580 864 1632 καὶ
888 1576 1193 1649 ἀνθρακιᾶς
1219 1576 1321 1633 ἄπο
1345 1579 1588 1648 χναύειν,

311 1662 566 1733 βρύκειν,
594 1675 914 1733 κρεοκοπεῖν
938 1665 1070 1733 μέλη
1095 1664 1282 1733 ξένων,

313 1746 642 1820 δασυμάλλῳ
669 1749 727 1801 ἐν
753 1751 924 1816 αἰγίδι
951 1748 1274 1821 κλινομένςο.
1685 1759 1768 1802 360

314 1830 386 1902 μή
417 1854 506 1900 μοι
529 1829 601 1900 μὴ
627 1836 924 1902 προδίδου·

313 1914 476 1985 μόνος
498 1914 649 1988 μόνῳ
674 1918 854 1985 κόμιζε
879 1921 1182 1987 πορθμίδος
1206 1916 1430 1988 σκάφος.

313 2000 542 2070 χαιρέτω
569 1999 668 2069 μὲν
693 1992 849 2063 αὖλις
877 1996 991 2070 ἅδε,

315 2085 544 2154 χαιρέτω
571 2083 632 2138 δὲ
655 2084 923 2155 θυμάτων

315 2165 628 2239 άποβσόμιος
654 2164 723 2222 ἂν
747 2174 854 2239 ἔχει
879 2175 1088 2224 θυσίαν
1684 2179 1769 2223 365

314 2251 558 2318 Κύκλωψ
582 2257 838 2318 Αἰτναῖος
861 2255 1090 2319 ξενικῶν

316 2342 493 2407 κρεῶν
517 2339 843 2408 κεχαρμένος
865 2343 1030 2411 βορᾷ·

317 2421 506 2490 νηλής,
543 2417 582 2475 ὦ
605 2428 839 2491 τλᾶμον,
869 2421 1015 2486 ὅστις

319 2504 584 2574 δωμάτων
609 2508 894 2575 ἐφεστίους
919 2504 1164 2571 ξενικοὺς
1683 2514 1768 2558 370

317 2591 536 2658 ίκτῆρας
563 2589 754 2644 ἐκθύει
780 2590 981 2660 δόμων,

315 2670 533 2726 κόπτων
567 2673 807 2744 βρύκων,

315 2755 465 2821 ἑφθά
487 2778 544 2810 τε
569 2756 894 2828 δαινύμενος
917 2768 1245 2827 μυσαροϊσιν
1269 2760 1497 2811 οδοῦσιν

798 2837 989 2860 '22’

312 2838 626 2908 ανθρωπων
649 2842 791 2912 θέρμ
841 2863 915 2896 απ
962 2839 1259 2910 ανθράκων
1283 2839 1455 2967 κρεόἱ2

1470 2924 1493 2947 ,μ
