2018 3117
64 251 192 299 ME.

65 334 173 382 ΠΡ.

62 418 189 467 ΜΕ.

60 502 173 550 ΠΡ.

57 754 223 804 ΑΓΛ.

55 924 184 972 ME.

54 1006 220 1056 ΑΓΛ.

61 1176 182 1225 ΜΕ.

63 1344 219 1393 ΑΓΛ.

62 1513 182 1561 ΜΕ.

49 1680 216 1730 ΑΓΛ.

51 1766 178 1814 ME.

48 1933 214 1983 ΑΓΛ.

47 2101 177 2150 ΜΕ.

47 2270 213 2319 ΑΓΛ.

47 2439 176 2488 ΜΕ.

47 2606 213 2656 ΑΓΛ.

50 2774 174 2824 ΜΕ.

430 103 806 149 ΙΦῙΓΕΝΕΙΑ
841 105 899 150 H
929 106 1028 150 EN
1062 107 1316 151 ΛΥΛΙΔΙ
1653 108 1714 157 13

257 242 514 316 σκήπτρῳ
539 239 657 312 τάχ’
687 235 791 314 ἆρα
814 242 914 298 σὸν
938 244 1258 314 καθαιμάξω
1284 245 1443 317 κάρα.

251 322 373 381 ἀλλ’
403 323 622 391 εὐκλεές
646 350 728 382 τοι
753 331 1037 382 δεσποτῶν
1060 328 1331 398 θνήσκειν
1354 326 1513 402 ὕπερ.

248 412 415 481 μέθες
431 429 441 439 ·
468 409 712 483 μακροὺς
735 410 796 465 δὲ
821 416 1020 474 δοῦλος
1045 407 1124 466 ῶν
1147 414 1322 483 λέγεις
1346 413 1560 485 λόγους.

252 487 296 550 ῶ
321 493 564 566 δέσποτ’,
591 492 989 565 ἀδικούμεσθα.
1015 494 1111 560 σὰς
1137 500 1166 550 δ
1177 493 1189 513 '
1220 497 1502 564 ἐπιστολὰς

257 578 557 650 ἐξαρπάσας
584 576 669 635 ὅδ’
698 581 756 633 ἐκ
780 584 959 650 χερῶν
984 582 1132 649 ἐμῶν
1155 586 1267 654 βίᾳ,
1629 598 1711 642 315

249 661 616 735 Ἀγάμεμνον,
643 659 810 718 οὐδὲν
834 668 899 732 τῇ
925 667 1053 735 δίκῃ
1078 669 1314 735 χρῆσθαι
1339 667 1494 720 θέλει

260 754 319 804 ἔα
338 766 349 776 ·

248 839 328 896 τίς
353 829 473 887 ποτ’
503 834 563 887 ἐν
588 831 814 887 πύλαισι
839 831 1086 902 θόρυβος
1111 833 1204 887 καὶ
1227 832 1410 903 λόγων
1444 832 1709 908 ἀκοσμίας

250 913 418 986 οὑμὸς
443 913 543 986 οὐχ
567 912 594 971 ὁ
619 921 784 971 τοῦδε
807 921 987 986 μῦθος
1013 916 1345 988 κυριώτερος
1369 920 1569 989 λέγειν.

255 999 324 1056 σὺ
352 1000 412 1055 δὲ
436 1006 494 1055 τί
511 998 648 1075 τῷδ’
688 1003 739 1065 ἐς
777 1006 894 1070 ἔριν
920 997 1140 1071 ἀφῖξαι,
1175 1005 1499 1074 .Μενέλεως,
1537 1012 1632 1080 βίᾳ
1656 1004 1705 1062 τ’

805 1083 984 1155 ἅγειςς

248 1170 454 1239 βλέψον
492 1175 567 1233 εἰς
603 1166 769 1240 ἡμᾶς,
819 1166 892 1224 ἵν’
944 1165 1109 1241 ἀρχὰς
1146 1176 1257 1225 τῶν
1292 1169 1474 1241 λόγων
1511 1174 1708 1242 ταύτας

803 1252 971 1324 λάβω.
1624 1274 1708 1316 320

252 1343 373 1409 μῶν
399 1338 588 1408 τρέσας
616 1334 719 1393 οὐκ
761 1335 1100 1403 ἀνακαλύψω
1137 1341 1445 1411 βλέφαρον,
1481 1338 1708 1414 Ἀτρέως

802 1421 1008 1495 γεγῶς;

258 1503 416 1576 τήνδ’
456 1503 588 1579 ὁρᾷς
625 1509 846 1577 δέλτον,
883 1513 1160 1563 κακίστων
1195 1509 1528 1580 γραμμάτων
1561 1506 1706 1580 ὑπη-

803 1594 980 1662 ρέτιν;

252 1679 465 1745 εἰσορῶ,
493 1675 584 1729 καὶ
610 1680 797 1747 πρῶτα
822 1674 1026 1745 ταύτην
1050 1682 1165 1730 σῶν
1191 1674 1704 1751 ἀπάλλαξονχερῶν.

245 1755 340 1827 οὔ,
377 1759 511 1829 πρὶν
550 1755 620 1813 ἂι·
656 1762 815 1827 δείξω
851 1784 913 1831 γε
937 1771 1181 1826 Δαναοῖς
1206 1766 1335 1817 πᾶσι
1363 1759 1706 1835 τάγγεγραμ·

798 1848 951 1916 μένα.

248 1919 284 1997 ἦ
319 1925 422 1999 γὰρ
459 1924 609 1983 οἷσθ’
655 1925 688 1983 ἑὶ
721 1928 794 2000 μή
832 1948 892 1985 σε
928 1927 1117 2000 καιρὸς
1160 1932 1393 2001 εἰδέναι,
1435 1931 1701 2005 σήμαντρ’

800 2011 979 2080 ἀνείς;
1621 2032 1703 2073 325

245 2093 382 2151 ῶστε
407 2093 459 2150 σ’
499 2093 741 2167 ἀλγῦναί
772 2097 826 2170 γ’
847 2141 860 2167 ,
888 2095 1133 2169 ἀνοίξας,
1161 2095 1194 2153 ἂ
1218 2098 1287 2155 σύ
1312 2097 1440 2156 κάκ’
1471 2101 1703 2173 εἰργάσω

798 2183 997 2256 λάθρᾳ.

249 2270 356 2320 ποῦ
400 2263 460 2320 δὲ
495 2262 728 2338 κᾶλαβές
764 2291 883 2335 νιν;
933 2260 976 2323 ῶ
1011 2274 1164 2338 θεοί,
1204 2273 1299 2340 σῆς
1336 2266 1704 2341 ἀναισχύντου

797 2351 1017 2424 φρενός.

244 2438 572 2505 προσδοκῶν
597 2434 700 2507 σὴν
725 2434 880 2491 παῖδ’
911 2434 1007 2492 ἀπ’
1031 2433 1299 2508 ’Ἀργονς,
1332 2442 1382 2494 εἰ
1406 2435 1699 2511 στράτευμ’

799 2517 1068 2592 ἀφίξεται.

246 2607 303 2657 τί
336 2604 399 2658 δέ
434 2620 493 2658 σε
517 2600 659 2674 τάμὰ
699 2609 787 2660 δεῖ
819 2605 1153 2676 φυλάσσειν;
1190 2604 1292 2662 οὐκ
1332 2603 1701 2678 ἀναισχύντου

796 2687 950 2758 τόδες

242 2766 326 2824 ὅτι
359 2769 418 2824 τό
459 2771 849 2844 βούλεσθαι’μ’
892 2781 1091 2843 ἔκνιζε·
1140 2773 1233 2840 σὸς
1264 2775 1322 2830 δὲ
1363 2778 1560 2840 δοῦλος
1596 2779 1698 2831 οὐκ

802 2864 961 2929 ἔφυν.
1616 2873 1701 2917 330
