2018 3117
439 121 815 167 ΙΦΙΓΕΝΕΙΑ
852 123 912 167 Η
941 123 1041 169 ΕΝ
1074 124 1332 170 ΑῬΛΙΛΙ
1631 125 1698 176 45

242 259 307 316 τὰ
328 262 497 331 νέρθε
525 257 577 315 δ’
607 257 798 316 οὐδέν·
825 267 1075 331 μαίνεται
1102 260 1154 318 δ’
1183 260 1241 328 ὃς
1267 261 1480 335 εὔχεται

200 265 228 413 D
242 353 458 400 θανεῖν.
485 351 664 409 κακῶς
689 351 784 416 ζῆν
807 358 1063 416 κρεῖσσον
1087 343 1121 418 ἦ
1144 355 1322 414 καλῶς
1341 358 1558 406 θανεῖν.

59 435 169 483 XO.
239 422 283 483 ῶ
306 434 509 500 τλῆμον
536 427 750 500 Ἑλένη,
778 427 870 484 διὰ
894 429 954 484 σε
976 432 1068 485 καὶ
1092 431 1218 497 τοὺς
1244 432 1374 499 σούς
1398 434 1605 505 γάμους

242 510 393 584 ἆγῶν
421 511 719 585 Ἀτρείδαις
743 516 834 568 καὶ
858 516 1067 579 τέκνοις
1091 512 1211 587 ἥκει
1236 520 1417 589 μέγας.

53 602 217 652 ΑΓΛ.
245 596 349 669 ε’γῶ
374 598 438 653 τά
461 596 500 653 τ’
528 596 716 668 οἰκτρὰ
739 597 964 663 συνετός
990 604 1099 670 εἰμι
1123 603 1215 656 καὶ
1239 600 1303 657 τὰ
1326 602 1415 674 μή,
1589 618 1697 661 1255

240 688 422 753 φιλῶν
446 686 684 753 ἐμαυτοῦ
709 684 898 738 τέκνα·
925 691 1222 756 μαινοίμην
1247 685 1349 757 γὰρ
1376 684 1460 742 ἄν.

241 772 434 831 δεινῶς
460 764 512 822 δ’
530 772 637 836 ἔχει.
659 789 750 837 μοι
766 773 936 823 ταῦτα
960 775 1236 840 τολμῆσαι,
1264 770 1446 842 γύναι,

242 856 436 915 δεινῶς
464 851 524 906 δὲ
547 853 639 907 καὶ
663 851 760 923 μή“
787 857 946 907 τοῦτο
973 851 1076 925 γαρ
1102 857 1306 926 πρᾶξαί
1335 879 1401 926 με
1425 861 1524 912 δεῖ.

238 932 402 1008 ὁρᾶθ’
433 932 563 991 ὅσον
591 937 898 1007 στράτευμα
921 936 1278 1008 ναύφρακτον
1302 940 1443 1011 τόδε,

234 1022 482 1092 χαλκέων
504 1017 565 1074 θ’
595 1018 781 1076 ὅπλων
806 1018 1034 1086 ἄνακτες
1052 1019 1324 1095 Ἑλλήνων
1349 1021 1484 1095 ὅσοι,
1587 1041 1694 1085 1260

235 1100 314 1168 οἷς
337 1104 526 1168 νόστος
551 1102 652 1160 οὐκ
678 1103 787 1161 ἔστ’
810 1103 971 1161 Ἰλίου
995 1107 1241 1179 πύργους
1266 1115 1370 1181 ἔπι,

238 1194 288 1244 εἰ
308 1189 380 1260 μή
406 1207 465 1244 σε
489 1188 647 1245 θύσω
663 1234 676 1261 ,
702 1190 892 1261 μάντις
918 1187 989 1256 ῶς
1012 1191 1229 1263 Κάλχας
1251 1197 1415 1266 λέγει,

236 1268 360 1328 οὐδ’
401 1278 512 1329 ἔστι
549 1281 742 1345 Τροίας
767 1278 970 1342 ἐξελεῖν
993 1276 1214 1333 κλεινὸν
1238 1279 1470 1351 βάθρον.

235 1360 438 1431 μέμηνε
463 1354 517 1415 δ’
568 1357 841 1431 ἀφροδίτη
867 1383 946 1425 τις
962 1358 1234 1434 Ἑλλήνων
1259 1370 1470 1439 στρατῷ

235 1451 393 1500 πλεῖν
420 1441 491 1508 ῶς
515 1443 737 1514 τάχιστα
759 1445 1058 1517 βαρβάρων
1081 1448 1169 1502 ἐπὶ
1193 1447 1387 1517 χθόνα,
1587 1464 1692 1507 1265

234 1534 447 1584 παύσαί
465 1552 522 1583 τε
545 1531 788 1600 λέκτρων
812 1526 1060 1600 ἁρπαγὰς
1087 1528 1445 1603 Ἑλληνικῶν·

233 1620 290 1668 οἳ
308 1611 402 1677 τὰς
425 1616 485 1668 ἐν
502 1611 692 1683 ’Ἀργει
717 1617 1033 1686 παρθένους
1057 1622 1319 1672 κτενοῦσί
1337 1641 1442 1688 μου

231 1694 373 1768 ὑμᾶς
390 1720 446 1753 τε
471 1695 634 1768 κάμέ,
660 1695 898 1769 θέσφατ’
930 1704 980 1753 εἰ
999 1699 1147 1754 λύσω
1172 1706 1323 1766 θεᾶς.

232 1778 298 1837 ού
324 1782 618 1847 Μενέλεώς
641 1806 708 1853 με
739 1783 1242 1855 καταδεδούλωται,
1270 1788 1479 1857 τέκνον,

232 1863 335 1921 οὐδ
347 1864 360 1884 ’
388 1869 475 1922 ἐπὶ
500 1865 559 1922 τὸ
584 1873 774 1923 κείνου
792 1868 1132 1940 βουλόμενον
1149 1869 1410 1941 ἐλήλυθα,
1589 1885 1692 1930 1270

233 1947 353 2006 ἀλλ’
385 1948 569 2016 Ἑλλάς
585 1995 598 2022 ,
624 1944 659 2024 ᾖ
684 1957 794 2021 δεῖ,
820 1947 925 2008 κᾶν
949 1956 1097 2008 θέλω
1121 1950 1226 2009 κᾶν
1249 1954 1321 2027 μὴ
1346 1958 1512 2027 θέλω,

230 2042 411 2091 θῦσαί
428 2055 514 2093 σε·
544 2036 741 2093 τούτου
767 2033 819 2092 δ’
846 2033 1073 2109 ἥσσονες
1096 2041 1457 2111 καθέσταμεν.

186 2110 206 2205 ’,ἶ
231 2123 536 2192 ἐλευθέραν
560 2120 662 2193 γὰρ
690 2126 779 2177 δεῖ
798 2146 890 2178 νιν
915 2121 1045 2179 ὅσον
1069 2127 1128 2179 ἐν
1152 2131 1264 2194 σοι’,
1289 2127 1499 2196 τέκνον,

183 2208 210 2316 15
231 2201 393 2276 κάμοὶ
417 2207 708 2277 γενέσθαι,
734 2208 872 2278 μηδὲ
894 2208 1193 2280 βαρβάρων
1215 2205 1323 2265 ὕπο

214 2285 480 2361 ’Έλληνας
512 2287 672 2355 ὄντας
695 2294 892 2364 λέκτρα
917 2299 1192 2349 συλᾶσθαι
1217 2300 1328 2368 βίᾳ.
1583 2307 1691 2352 1275

48 2379 157 2428 KA.
229 2367 273 2428 ῶ
295 2376 518 2446 τέκνον,
546 2368 590 2431 ῶ
625 2378 791 2447 ξέναι,

230 2462 284 2513 οἲ
305 2456 405 2529 ’γῶ
431 2460 680 2516 θανάτου
707 2467 805 2516 τοῦ
830 2467 931 2517 σοῦ
958 2465 1138 2532 μελέα.

228 2542 424 2614 φεύγει
451 2564 511 2600 σε
536 2543 712 2617 πατὴρ
725 2545 882 2618 ’Ἅιδῃ
903 2549 1198 2617 παραδούς.

46 2632 137 2681 [Φ.
227 2631 281 2682 οἳ
303 2624 430 2698 ’γῶ,
461 2636 655 2699 μῆτερ·
694 2629 899 2686 ταύτὸν
919 2633 1021 2702 γὰρ
1064 2633 1130 2702 δὴ
1424 2684 1431 2690 ,

226 2713 383 2781 μέλος
407 2718 483 2777 εἰς
507 2710 671 2786 ἄμφω
698 2717 947 2771 πέπτωκε
973 2715 1154 2790 τύχης,
1583 2730 1689 2774 1280

227 2792 449 2851 κούκέτι
475 2821 565 2868 μοι
591 2803 708 2870 φῶς

232 2876 354 2934 οὐδ’
384 2876 571 2937 ἀελίου
595 2881 720 2938 τόδε
745 2883 961 2954 φέγγος.
