2018 3117
178 91 283 144 178

181 494 328 544 ΣΕῙ.

181 748 237 797 Κ
243 750 301 797 Υ.

857 90 1099 137 ΚΥΚΛΩ,
1113 92 1169 136 Ψ

371 233 539 306 πάρες
564 230 624 288 τὸ
650 231 864 309 μάργον
889 236 987 302 σῆς
1010 230 1259 302 γνάθου,
1284 229 1344 286 τὸ
1372 227 1425 286 δ’
1457 228 1677 302 εὐσεβὲς
1761 245 1843 287 310

371 324 463 388 τῆς
490 309 814 387 δυσσεβείας
839 313 1108 371 ἀνθελοῦ·
1147 322 1395 372 πολλοῖσι
1419 314 1523 387 γὰρ

373 404 539 473 κέρδη
567 399 781 473 πονηρὰ
806 407 1000 472 ζημίαν
1024 397 1309 471 ἠμείψατο.

374 488 699 558 παραινέσαι
724 503 810 542 σοι
836 486 1129 557 βούλομαι·
1156 492 1268 541 τών
1289 490 1392 558 γὰρ
1416 491 1596 557 κρεῶν

371 572 545 643 μηδὲν
570 577 735 643 λίπῃς
756 569 915 627 τοῦδ’
936 590 946 600 ·
979 567 1051 642 ἢν
1076 571 1136 626 δὲ
1161 569 1261 642 τὴν
1286 576 1541 642 γλῶσσαν
1567 569 1753 643 δάκῃς,

374 655 584 728 κομψὸς
607 655 829 727 γενήσει
852 658 945 712 καὶ
970 661 1313 726 λαλίστατος,
1339 654 1605 717 Κύκλωψ.
1758 669 1841 712 315

371 739 686 812 ὁπλοῦτος,
714 738 1100 814 ἀνθρωπίσκε,
1126 754 1237 806 τοῖς
1260 753 1455 812 σοφοῖς
1479 739 1637 804 θεός·

374 825 440 881 τὰ
463 823 517 883 δ’
547 823 685 881 ἄλλα
710 826 910 897 κόμποι
935 828 1028 882 καὶ
1051 825 1234 898 λόγων
1259 823 1577 897 εὐμορφίαι.

372 909 542 984 ἄκρας
569 908 620 966 δ’
651 914 868 976 ἐναλίας
892 909 953 978 ἃς
982 915 1318 981 καθίδρυται
1345 912 1522 983 πατὴρ

372 1003 586 1070 χαίρειν
611 995 820 1052 κελεύω
837 1015 848 1025 ·
881 1004 938 1052 τί
958 996 1086 1051 τάδε
1111 995 1437 1069 προυστήσω
1463 993 1640 1068 λόγω;

371 1082 549 1153 Ζηνὸς
577 1079 628 1136 δ’
659 1080 763 1152 ἐγώ
792 1080 1069 1154 κεραυνὸν
1095 1078 1162 1136 ού
1189 1087 1424 1154 φρίσσω,
1451 1081 1586 1149 ξένε,
1759 1093 1842 1135 320

374 1164 499 1222 οὐδ’
529 1164 634 1222 οἶδ’
665 1163 696 1222 ὅ
721 1190 770 1221 τι
795 1166 935 1231 Ζεύς
961 1163 1071 1222 ἐστ’
1103 1169 1235 1236 ἐμοῦ
1262 1170 1536 1237 κρείσσων
1563 1163 1711 1229 θεός.

375 1249 445 1307 οὕ
469 1274 561 1323 μοι
587 1254 737 1321 μέλει
762 1250 822 1306 τὸ
848 1251 1070 1307 λοιπόν·
1099 1247 1169 1315 ὡς
1195 1247 1246 1306 δ’
1277 1246 1346 1306 οὔ
1371 1272 1464 1320 μοι
1488 1250 1640 1320 μέλει

372 1333 631 1392 άκουσον.
658 1333 791 1391 ὅταν
817 1333 1043 1391 ἄνωθεν
1067 1332 1279 1407 ὄμβρον
1304 1336 1479 1406 ἐκχέῃ,

372 1444 431 1476 εν
455 1425 586 1493 τῇδε
610 1423 781 1495 πέτρα
806 1418 989 1492 στέγν’
1018 1426 1120 1491 ε”χω
1147 1419 1492 1492 σκηνώματα,

371 1502 405 1577 ἦ
429 1506 630 1578 μόσχον
654 1503 825 1562 ὀπτὸν
850 1504 884 1578 ἦ
909 1531 960 1562 τι
985 1506 1216 1578 θήρειον
1242 1506 1407 1569 δάκος
1759 1519 1841 1561 325

374 1591 705 1662 δαινύμενος
720 1634 734 1661 ,
763 1584 828 1647 εὖ
851 1594 1062 1662 τέγγων
1085 1614 1143 1647 τε
1167 1587 1386 1697 γαστέρ’
1416 1587 1635 1660 ὑπτίαν,

371 1675 648 1732 ἐπεκπιων
673 1676 940 1747 γάλακτος
966 1674 1243 1749 ἀμφορέα,
1272 1679 1480 1733 πέπλον

370 1761 554 1834 κρούω
575 1804 588 1831 ,
616 1759 752 1826 Διὸς
779 1768 1100 1833 βρονταῖσιν
1127 1767 1203 1828 εἰς
1231 1767 1349 1833 ἔριν
1373 1766 1615 1817 κτυπῶν.

371 1842 503 1901 ὅταν
529 1846 590 1902 δὲ
612 1852 815 1918 βορρᾶς
838 1849 994 1918 χιόνα
1021 1846 1258 1920 Θρῄκιος
1280 1848 1392 1919 χέῃ,

372 1935 589 2002 δοραῖσι
616 1937 813 2003 θηρῶν
837 1938 991 2003 σῶμα
1016 1931 1331 2005 περιβαλών
1358 1931 1490 2003 ε’μόν
1755 1947 1839 1990 330

370 2017 462 2071 καὶ
487 2022 599 2087 πῦρ
627 2014 905 2087 ἀναίθων,
932 2017 1114 2087 χιόνος
1139 2015 1307 2073 οὐδέν
1331 2040 1422 2089 μοι
1445 2019 1613 2088 μέλει.

371 2098 404 2172 ἡ
431 2107 499 2171 γῆ
528 2098 579 2156 δ’
612 2099 850 2175 ἀνάγκῃ,
876 2098 981 2157 κᾶν
1005 2106 1144 2175 θέλῃ
1170 2099 1274 2157 κᾶν
1298 2102 1370 2173 μὴ
1396 2105 1553 2174 θέλῃ,

369 2191 629 2242 τίκτουσα
653 2192 818 2241 ποίαν
844 2184 984 2257 τάμὰ
1009 2194 1216 2242 πιαίνει
1241 2187 1389 2258 βοτά.

369 2267 482 2341 ἀγώ
510 2268 686 2327 οὕτινι
716 2271 841 2327 θύω
870 2270 1014 2342 πλὴν
1039 2275 1185 2343 ἐμοί,
1213 2281 1394 2327 θεοῖσι
1419 2269 1472 2326 δ’
1501 2268 1586 2341 οὔ,

296 2392 297 2395 =
369 2357 461 2410 καὶ
484 2362 548 2428 τῇ
574 2362 801 2429 μεγίστῃ
825 2358 1018 2428 γαστρι
1043 2362 1174 2429 τῇδε
1200 2356 1509 2427 δαιμόνων
1753 2370 1836 2414 335

370 2438 441 2505 ὡς
464 2439 752 2513 τούμπιεῖν
777 2464 837 2512 γε
863 2443 954 2497 καὶ
979 2455 1181 2513 φαγεῖν
1206 2439 1373 2541 τούφ’
1408 2438 1633 2513 ἡμέραν.

366 2523 506 2590 Ζευς
532 2527 691 2591 οὗτος
718 2523 1062 2599 ἀνθρώποισι
1087 2539 1226 2582 τοῖσι
1250 2526 1514 2628 σώφροσι,

370 2617 568 2666 λυπεῖν
594 2611 654 2667 δε
677 2612 850 2682 ιιηδεν
877 2608 1076 2668 αὐτόν·
1106 2620 1160 2668 οἳ
1183 2611 1243 2667 δε
1267 2635 1395 2676 τους
1420 2611 1626 2683 νόμους

369 2700 563 2750 ἔθεντο
589 2702 963 2761 ποικίλλοντες
988 2694 1306 2769 ἀνθρώπων
1330 2702 1472 2768 βίον,

367 2785 579 2834 κλαίειν
605 2777 820 2851 ἄνωγα·
849 2780 948 2852 τὴν
974 2779 1026 2837 δ’
1056 2780 1191 2854 ἐμὴν
1216 2780 1400 2853 ψυχὴν
1425 2779 1529 2853 ἐγώ
1747 2796 1832 2839 340

362 2859 434 2918 οὐ
460 2863 734 2935 παύσομαι
761 2870 912 2936 δρῶν
943 2859 1007 2921 εὖ
1031 2875 1342 2922 κατεσθίων
1364 2889 1422 2923 τε
1446 2887 1522 2922 σε,
