2018 3117
249 100 319 147 40
630 95 1008 142 ΙΦΙΓΕΝΕΙΑ
1042 94 1102 139 Η
1129 94 1228 139 ΕΝ
1260 93 1516 139 ΑΥΛΙΔΙ

442 239 534 294 καὶ
557 235 629 309 μὴ
656 234 840 300 κοινὸς
865 231 1016 306 ἄγων
1039 240 1271 307 βροτοῖς,

391 333 409 386 )
440 323 514 395 μή
539 345 618 386 τις
641 325 794 376 θεῶν
819 318 1032 390 φθόνος
1056 325 1210 391 ἔλθῃ.

250 414 369 464 ΚΛ.
441 412 675 479 ἐξῆλθον
699 414 870 462 οἴκων
895 404 1353 476 προσκοπουμένη
1380 401 1560 473 πόσιν,

441 491 664 598 χρόνιον
688 486 897 547 ἇπόντα
920 487 1119 544 κάκλελ
1123 487 1314 545 οιπότα
1338 489 1546 559 στέγας.

445 581 504 633 ἐν
530 575 819 647 δακρύοισι
844 572 896 629 δ’
926 571 958 646 ἡ
983 573 1212 629 τάλαινα
1236 585 1361 637 παῖς
1386 571 1502 644 ἐμή,
1806 587 1911 630 1100

444 669 546 718 πολ
550 660 645 725 λὰς
672 665 811 716 ιεῐσα
841 658 1103 762 μεταβολ
1081 683 1142 723 ας
1166 655 1511 728 ὀδυρμάτων,

443 747 690 803 θάνατον
715 742 981 802 ἆκούσασ’
999 787 1012 814 ,
1041 741 1105 799 ὃν
1129 742 1304 814 πατὴρ
1330 742 1672 814 βουλεύεται.

729 828 741 848 9
774 827 803 845 >l
847 827 859 847 2
921 829 940 836 ’““

353 826 394 892 ἣ
447 831 663 904 ιινῄιιην
689 836 720 886 δ
771 854 837 903 αρ
891 852 1036 900 ειχον
1060 835 1293 900 πλησιόν
1319 827 1615 900 βεβηκότος

440 915 839 1019 ᾈγαμε’μνονος
864 911 1040 983 τοῦδ’,
1069 911 1127 979 ὃς
1153 916 1241 970 ἐπι
1265 926 1374 978 τοῖς
1400 909 1574 968 αὑτοῦ
1602 913 1814 978 τέκνοις

446 1000 640 1057 ἀνόσια
665 1000 925 1071 πράσσων
950 995 1128 1069 αύτίχ
1160 996 1538 1071 εὑρεθήσεται.
1800 1011 1910 1053 1105

256 1093 421 1143 ΑΓΑ.
446 1086 631 1159 Λήδας
657 1088 954 1157 γένεθλον,
981 1087 1041 1139 ἐν
1064 1089 1212 1159 καλῷ
1238 1081 1289 1138 σ’
1328 1086 1428 1150 ἔξω
1454 1082 1639 1153 δόμων

444 1168 637 1244 ηύρηχ’
645 1215 658 1241 ,
686 1168 760 1226 ίν’
799 1178 932 1225 εἴπω
959 1170 1246 1239 παρθένου
1271 1191 1435 1238 χωρις
1460 1167 1657 1238 λόγους

443 1254 540 1321 οὓς
566 1252 667 1311 οὐκ
693 1253 918 1311 ἀκούειν
953 1251 1046 1317 τὰς
1071 1255 1419 1354 γαμουμένας
1444 1254 1656 1324 πρέπει.

252 1348 370 1397 ΚΛ.
440 1347 496 1396 τί
516 1344 567 1396 δ
598 1346 771 1410 ἔστιν,
799 1332 867 1396 οὗ
892 1357 976 1393 σοι
1001 1336 1190 1409 καιρὸς
1215 1335 1589 1405 αντιλάζυται·
1577 1380 1590 1403 ,

251 1433 420 1481 ΑΓΑ.
447 1432 687 1496 ἔκπεμπε
710 1430 879 1481 παῖδα
905 1421 1171 1493 δωμάτων
1199 1420 1401 1494 πατρὸς
1434 1423 1592 1493 μέτα·
1802 1435 1909 1477 1110

447 1508 518 1575 ὡς
541 1513 787 1581 χέρνιβες
813 1509 1066 1579 πάρεισιν
1090 1505 1537 1579 ηύτρεπισμέναι,

445 1595 711 1666 προχύται
735 1618 792 1650 τε
815 1593 1039 1665 βάλλειν
1065 1599 1175 1664 πῦρ
1203 1591 1511 1662 καθάρσιον
1534 1603 1737 1663 χεροῖν,

444 1679 634 1753 μόσχοι
659 1702 744 1750 τε,
771 1677 874 1752 πρὸ
902 1677 1091 1749 γάμων
1117 1673 1177 1741 ἃς
1201 1682 1310 1749 θεᾷ
1336 1689 1525 1755 πεσεῖν
1549 1674 1728 1747 χρεων

437 1763 735 1836 Ἀρτέμιδι,
761 1766 990 1835 μέλανος
1014 1766 1234 1833 αι’ματος
1259 1760 1568 1833 φυσήματα.

255 1856 370 1905 ΚΛ.
439 1862 550 1950 τοὶς
575 1847 839 1919 ὀνόμασιν
865 1872 965 1919 μεν
993 1849 1062 1949 εὑ,
1080 1848 1254 1947 λέγεις
1266 1889 1279 1915 ,
1306 1845 1370 1900 τὰ
1395 1844 1446 1902 δ’
1477 1853 1609 1945 ἔργα
1634 1864 1735 1901 σου
1800 1860 1906 1902 1115

446 1931 548 1990 οὐκ
573 1930 681 1989 οἶδ’
711 1956 857 1998 οπως
880 1933 1013 2006 χρή
1007 1929 1062 1987 ιι’
1095 1927 1443 2004 ὀνομάσασαν
1471 1932 1532 1986 εύ
1558 1932 1756 2002 λέγειν

442 2018 605 2091 χώρει
640 2021 698 2075 δε
727 2018 973 2090 θύγατερ
1000 2016 1151 2082 ἐκτός
1165 2061 1178 2087 ,
1206 2017 1370 2073 οἶσθα
1395 2015 1498 2089 γὰρ
1525 2013 1727 2089 πατρὸς

443 2104 656 2168 πάντως
684 2128 717 2158 α
742 2107 956 2175 μέλλει,
981 2100 1123 2175 χὺπὸ
1152 2116 1263 2167 τοῖς
1287 2105 1511 2167 πέπλοις
1537 2099 1634 2172 άγε

444 2186 674 2260 λαβοῦσ’
709 2186 968 2260 Ὀρέστην
992 2209 1090 2244 σον
1116 2194 1474 2258 κασίγνητον
1502 2189 1712 2241 τέκνον.

446 2271 569 2329 ἰδου
595 2273 857 2344 πάρεστιν
884 2271 979 2344 ἥδε
1005 2271 1385 2343 πειθαρχοῦσά
1408 2290 1508 2327 σοι.
1798 2286 1906 2327 1120

445 2356 510 2414 τὰ
536 2355 591 2414 δ’
620 2355 740 2414 ἄλλ’
769 2357 873 2430 ἐγω
900 2357 1004 2431 πρὸ
1032 2362 1195 2429 τῆσδε
1219 2353 1498 2427 κάμαυτῆς
1524 2355 1718 2426 φράσω

263 2450 419 2499 ΑΓΛ.
446 2444 668 2513 τέκνον,
698 2450 755 2498 τί
775 2450 1008 2513 κλαίεις,
1035 2439 1159 2498 οὐδ’
1191 2438 1278 2497 ἔθ’
1307 2438 1481 2512 ἡδέως
1505 2436 1653 2513 ὁρᾷς,

444 2533 518 2592 εἰς
543 2534 648 2599 γῆν
675 2525 728 2583 δ’
757 2525 995 2598 έρείσασ’
1025 2524 1169 2599 ὄμμα
1193 2523 1398 2599 πρόσθ’
1429 2531 1566 2595 ἔχεις
1591 2527 1863 2589 πέπλονςς

258 2620 367 2668 ΚΛ.
436 2618 572 2685 φεῦ·

442 2694 550 2753 τίν’
580 2693 648 2752 ἄν
672 2697 892 2769 λάβοιμι
916 2704 1025 2752 τῶν
1051 2701 1196 2768 ἐμῶν
1221 2693 1393 2766 ἀρχὴν
1419 2701 1634 2761 κακῶν;

442 2779 610 2837 ἅπασι
635 2779 738 2853 γὰρ
764 2781 1027 2853 πρώτοισι
1050 2781 1358 2855 χρήσασθαι
1383 2780 1528 2849 πάρα
1798 2791 1904 2833 1125

440 2864 562 2934 [κάν
590 2863 866 2922 ὑστάτοισι
889 2863 992 2922 κάν
1017 2869 1229 2936 μέσοισι
1253 2869 1564 2935 πανταχοῦ].
