2018 3117
1637 119 1737 169 395

148 261 293 335 μένῳ
327 261 418 315 καὶ
447 255 594 331 αὐτῷ
629 256 765 330 πρὸς
793 254 1036 314 Ἀπόλλω
1074 256 1165 330 ἐφ’
1206 251 1252 335 ᾦ
1291 261 1418 332 περὶ
1447 267 1547 316 τοῦ
1583 263 1735 317 ε’κτε-

147 346 342 410 θέντος
380 342 573 408 παιδὸς
605 348 815 414 γνῶναι
848 348 898 398 εἰ
928 345 1181 415 τέθνηκε.
1220 345 1313 400 καὶ
1348 341 1376 400 ὁ
1416 350 1516 401 τοῦ
1556 352 1735 401 Λαΐου

146 427 412 499 θεράπων
436 425 585 502 αὐτῷ
615 426 830 482 κελεύει
864 426 1064 500 μικρὸν
1087 425 1446 500 ὑποχωρῆσαι
1471 435 1547 504 τῷ
1573 436 1734 501 βασι-

147 519 245 568 λεῖ.
298 517 565 576 Οἰδίπους
611 511 671 567 δὲ
706 507 985 585 ὑπεροψίᾳ
1023 513 1396 584 κρατούμενος
1434 516 1526 569 καὶ
1570 519 1733 570 τοῦτο

147 597 319 668 μηδεν
344 594 586 668 ἐνεγκων
608 601 810 651 κτείνει
840 619 897 650 τε
921 595 1017 651 τὸν
1040 596 1359 668 θεράποντα
1384 600 1476 653 καὶ
1499 596 1606 654 σὺν
1630 595 1736 653 αύ-
1758 614 1785 652 5

146 688 220 756 τῷ
248 679 345 737 τὸν
370 680 642 752 δεσπότην
667 676 768 735 οὐκ
800 678 959 745 εἰδως
993 704 1065 745 ως
1098 681 1464 754 πατροκτόνος
1486 684 1733 755 γέγονεν,

150 764 268 830 ἑνὸς
301 765 474 836 μόνου
508 769 620 820 τῶν
643 766 1036 835 συνεπομένων
1058 771 1212 840 Λαΐῳ
1239 767 1636 838 διαφυγόντος,
1677 763 1737 832 ὃς

148 849 215 921 δὴ
240 851 332 905 καὶ
365 848 462 904 τὸν
487 848 664 920 φόνον
697 845 932 920 ύστερον
958 849 1324 921 διεσάφησεν,
1352 847 1425 916 ω’ς
1459 870 1596 923 φησι
1618 859 1736 906 Σο-

148 940 355 1005 φοκλῆς
383 937 443 989 ἐν
462 927 719 988 Οἰδίποδι
743 932 1017 1008 τυράννῳ.
1045 933 1167 988 τότε
1190 936 1294 990 οὐν
1315 940 1584 1001 Οἰδίπους
1606 958 1735 1000 τους

148 1024 244 1073 τοῦ
268 1023 445 1073 Λαῖου
480 1021 681 1082 ίππους
708 1016 896 1088 λαβὼν
929 1019 1022 1073 καὶ
1051 1017 1229 1073 πάντα
1252 1017 1318 1074 τὰ
1341 1016 1542 1090 αὐτοῦ,
1570 1043 1737 1075 κατα-
1750 1033 1803 1074 10

144 1102 411 1174 λαμβάνει
446 1100 546 1173 τὴν
571 1102 860 1172 Κόρινθον
882 1103 975 1157 καὶ
1035 1103 1165 1166 δοὺς
1220 1109 1391 1159 ταῦτα
1416 1104 1594 1159 πάντα
1618 1111 1736 1160 Πο-

145 1187 297 1262 λύβῳ
321 1184 528 1258 τροφὰς
554 1190 772 1243 ἐκεῖθεν
799 1183 1076 1259 ἀναχωρεῖ
1086 1229 1100 1256 ,
1137 1185 1234 1243 τὸν
1263 1189 1388 1260 περὶ
1412 1194 1506 1261 τῆς
1530 1211 1736 1259 πατρο-

143 1277 362 1336 κτονίας
396 1273 488 1327 καὶ
520 1277 614 1342 τῆς
652 1277 716 1342 τῇ
750 1272 912 1343 μητρὶ
949 1272 1326 1337 συνελεύσεως
1358 1271 1605 1344 χρησμὸν
1640 1277 1735 1328 δε-

145 1355 301 1421 διω’ς·
332 1352 467 1431 ᾧέτο
492 1354 596 1426 γὰρ
632 1357 866 1426 πατέρας
894 1351 1066 1410 αὐτοῦ
1100 1363 1174 1431 τῷ
1209 1354 1329 1412 ὅντι
1352 1357 1616 1429 Πόλυβον
1640 1358 1733 1412 καὶ

148 1439 243 1511 τὴν
279 1442 497 1496 ἐκείνου
524 1452 761 1511 γυναῖκα
800 1438 956 1495 εἶναι.
987 1441 1080 1495 καὶ
1105 1438 1418 1511 ἀφικνεῖται
1448 1441 1584 1512 πρὸς
1620 1441 1800 1512 Θή-Ιὸ

145 1531 268 1596 βας,
319 1532 381 1581 αἳ
409 1523 476 1595 δὴ
523 1526 613 1579 καὶ
647 1522 757 1579 ὑπὸ
805 1529 897 1595 τῆς
931 1523 1184 1595 Σφιγγὸς
1220 1526 1557 1597 ἐχειμάζοντο
1593 1526 1730 1596 τότε,

143 1608 416 1680 χρησμούς
461 1631 518 1663 τε
556 1608 920 1682 ῥαψῳδούσης
966 1610 1057 1663 καὶ
1099 1606 1290 1665 ὅντινα
1332 1611 1588 1681 βούλοιτο
1621 1616 1733 1665 τῶν

142 1698 383 1749 πολιτῶν
421 1689 765 1765 ἁρπαζούσης
805 1694 897 1747 καὶ
944 1694 1382 1766 διαφθειρούσης
1429 1694 1519 1750 διὰ
1558 1693 1618 1749 τὸ
1660 1693 1732 1765 μὴ

143 1779 392 1832 συνιέναι
429 1783 573 1848 σφᾶς
605 1782 716 1832 τῶν
757 1773 855 1832 υπ’
895 1774 1063 1848 αὐτῆς
1103 1781 1417 1849 λεγομένων
1455 1796 1730 1851 χρησμων.

142 1861 382 1932 ἐπήγαγε
421 1861 482 1916 δε
526 1861 805 1932 ταύτηνο
844 1858 1013 1932 ’Ἄρης
1061 1868 1350 1934 Θηβαίοις,
1389 1861 1802 1934 άμυνόμενοςὲο

142 1942 346 2010 αὐτοὺς
386 1944 478 2000 δια
512 1943 610 2001 τὸν
646 1951 745 2000 τοῦ
786 1943 981 2010 παιδὸς
1011 1946 1311 2018 δράκοντος
1351 1947 1558 2020 φόνον,
1596 1971 1662 2002 ον
1703 1971 1730 2003 ο

146 2029 363 2100 Κάδμος
393 2026 575 2085 άνειλε
611 2030 702 2085 καὶ
738 2052 870 2094 τους
896 2026 1126 2095 ὀδόντας
1158 2029 1332 2086 αὐτοῦ
1364 2037 1640 2103 ἔσπειρεν,
1679 2035 1730 2098 ἐξ

142 2137 222 2169 ων
281 2111 612 2185 ἇνεφύησαν
648 2119 706 2169 οι
736 2120 1014 2185 Γίγαντες
1061 2139 1133 2186 ην
1177 2115 1238 2171 δε
1284 2119 1441 2188 τέρας
1480 2114 1513 2187 ἡ
1547 2118 1730 2188 Σφὶγξ

142 2197 438 2269 πρόσωπον
460 2222 562 2269 μεν
586 2205 785 2270 ἔχουσα
814 2201 1129 2271 παρθένου,
1167 2206 1369 2271 στῆθος
1405 2200 1466 2256 δε
1493 2224 1584 2256 και
1615 2213 1732 2270 χεῖ-

143 2305 239 2352 ρας
262 2284 354 2338 καὶ
378 2282 550 2348 πόδας
574 2284 666 2339 καὶ
700 2279 903 2354 ὄνυχας
932 2286 1176 2352 λέοντος,
1219 2282 1454 2355 οὐραίαν
1498 2285 1559 2340 δὲ
1595 2284 1733 2355 δρά-
1746 2298 1800 2339 25

141 2389 358 2437 κοντος,
395 2366 566 2440 πτερὰ
602 2368 663 2424 δὲ
709 2364 966 2440 ὄρνιθος,
1004 2365 1079 2423 δι’
1120 2361 1199 2423 οἷν
1237 2372 1443 2424 ἵπτατο.
1482 2374 1638 2439 ἔτυχε
1669 2369 1730 2424 δὲ

142 2457 298 2506 τοῦτο
325 2456 555 2507 εἰποῦσα
577 2453 794 2508 τοιοῦτό
819 2475 870 2508 τι
895 2466 1008 2516 τοῖς
1035 2457 1299 2523 Θηβαίοις
1325 2452 1447 2507 τότε
1483 2461 1727 2525 αἴνιγμα,

142 2531 213 2600 ὡς
235 2532 633 2608 Ἀσκληπιάδης
662 2534 972 2607 ἀναγράφει
987 2554 999 2564 ·

226 2625 338 2675 ἔστι
364 2624 566 2676 δίπουν
591 2623 678 2677 ἐπὶ
703 2627 802 2692 γῆς
827 2621 919 2675 καὶ
944 2621 1241 2694 τετράπον,
1270 2613 1339 2676 οὗ
1362 2627 1459 2692 μία
1487 2618 1696 2697 μορφή,

224 2705 315 2758 καὶ
363 2709 585 2774 τρίπον·
638 2703 898 2762 ἀλλάσσει
942 2705 1001 2760 δὲ
1047 2709 1200 2777 φυὴν
1237 2705 1437 2777 μόνον,
1473 2702 1591 2761 ὅσσ’
1643 2707 1798 2764 ε’πὶ30

813 2801 978 2860 γαῖαν

224 2870 421 2939 ἑρπετὰ
445 2879 693 2943 γίνονται
718 2869 823 2928 ἀνά
848 2870 895 2927 τ’
925 2875 1124 2946 αἰθέρα
1151 2897 1242 2929 και
1267 2871 1403 2929 κατὰ
1427 2873 1647 2930 πόντον.
