2018 3117
195 85 307 138 312

196 2100 316 2149 XO.
373 2090 388 2108 ⁹

193 2269 315 2320 ΕΚ.

192 2355 316 2404 ΧΟ.

192 2439 316 2488 ΕΚ.

193 2525 318 2573 ΧΟ.

194 2609 315 2658 ΕΚ.

196 2693 316 2743 XO.

198 2777 315 2826 ΕΚ.

927 85 1159 133 ΡΗΣΟΣ

394 225 667 291 λαθόντες
690 221 836 296 ὄμμα
861 221 1071 296 τούμὸν
1095 232 1355 296 αἴρεσθαι
1382 225 1572 299 φυγὴν

395 313 658 383 μέλλουσι
674 327 685 338 ·
712 314 892 364 σαίνει
915 305 974 379 μ’
1004 314 1234 379 ἔννυχος
1258 317 1600 384 φρυκτωρία.

395 388 440 451 ῶ
464 400 692 466 δαῖμον,
718 389 867 458 ὅστις
889 389 950 465 μ’
979 390 1301 464 εὐτυχοῦντ’
1335 393 1628 466 ἐνόσφισας

391 485 591 551 θοίνης
614 480 834 549 λεόντα,
867 479 999 551 πρὶν
1023 476 1119 533 τὸν
1138 474 1402 550 Ἀργείων
1426 479 1659 551 στρατὸν

395 564 611 637 σύρδην
636 560 850 619 ἅπαντα
874 560 1009 638 τῷδ’
1039 560 1320 619 ἀναλῶσαι
1345 567 1484 635 δορί.

395 655 447 706 εἰ
476 648 581 722 γὰρ
609 649 844 720 φαεννοὶ
868 647 940 719 μὴ
965 650 1231 719 ξυνέσχον
1253 645 1415 719 ἡλίου

392 740 729 806 λαμπτῆρες,
754 730 856 790 οὐκ
882 728 951 789 ἂν
976 739 1133 804 ἔσχον
1160 731 1434 804 εὐτυχοῦν
1459 732 1616 805 δόρυ,

394 821 528 891 πρὶν
551 825 689 884 ναῦς
711 823 965 891 πυρῶσαι
989 819 1082 874 καὶ
1107 817 1199 873 διὰ
1226 823 1447 890 σκηνῶν
1470 825 1662 889 μολεῖν

390 910 631 961 ’κτείνων
659 900 908 974 Ἀχαιούς
935 908 1066 976 τῇδε
1091 904 1394 978 πολυφόνῳ
1419 909 1555 975 χερί.

394 986 546 1062 κᾶγῶ
571 988 673 1060 μὲν
711 987 748 1060 ἦ
793 987 1079 1061 πρόθυμος
1108 990 1248 1044 ἱέναι
1275 988 1414 1061 δόρυ

398 1078 459 1131 ἐν
482 1075 643 1130 νυκτὶ
665 1078 913 1146 χρῆσθαί
941 1071 987 1128 τ’
1019 1070 1243 1144 εὐτυχεῖ
1262 1074 1407 1145 ῥύμῃ
1432 1079 1599 1129 θεοῦ·

393 1157 515 1215 ἀλλ’
544 1163 602 1214 oc
622 1163 795 1228 σοφοί
814 1180 880 1228 με
904 1160 996 1213 καὶ
1020 1156 1080 1213 τὸ
1106 1166 1266 1214 θεῖον
1294 1158 1499 1222 εἰδότες

393 1243 612 1316 μάντεις
639 1248 864 1298 ἔπεισαν
892 1239 1092 1313 ἡμέρας
1115 1255 1299 1314 μεῖναι
1325 1242 1481 1315 φάος,

391 1325 605 1385 κᾶπειτ’
632 1324 865 1398 Ἀχαιῶν
891 1324 1080 1399 μηδέν’
1112 1331 1172 1383 ἐν
1193 1330 1369 1402 χέρσῳ
1393 1333 1593 1383 λιπεῖν.

392 1416 453 1469 οἳ
471 1411 523 1469 δ’
552 1409 619 1470 οὐ
643 1414 872 1484 μένουσι
896 1419 1006 1468 τῶν
1032 1415 1178 1484 ἐμῶν
1201 1413 1498 1470 θυοσκόων

392 1499 620 1571 βουλάς·
648 1501 708 1553 ἐν
735 1493 920 1571 ὄρφνῃ
947 1500 1216 1570 δραπέτης
1241 1500 1380 1570 μέγα
1404 1499 1611 1553 σθένει.

393 1581 513 1640 ἀλλ’
545 1581 616 1649 ῶς
640 1582 861 1654 τάχιστα
884 1582 986 1656 χρὴ
1012 1586 1413 1655 παραγγέλλειν
1437 1587 1649 1657 στρατῷ

390 1668 554 1741 τεύχη
579 1667 843 1740 πρόχειρα
866 1667 1169 1740 λαμβάνειν
1192 1670 1355 1739 λῆξαί
1377 1664 1440 1722 θ’
1470 1664 1670 1737 ὕπνου,

391 1751 464 1820 ῶς
492 1751 561 1809 ἄν
586 1777 665 1819 τις
689 1750 877 1809 αὐτῶν
902 1754 994 1809 καὶ
1019 1761 1161 1809 νεῶν
1181 1752 1458 1823 θρῶσκων
1484 1758 1572 1807 ἔπι

389 1845 569 1896 νῶτον
591 1839 887 1911 χαραχθεὶς
911 1844 1178 1909 κλίμακας
1206 1837 1343 1910 ῥάνῃ
1370 1836 1542 1912 φόνῳ,

396 1930 448 1980 οἳ
475 1921 528 1979 δ’
559 1927 619 1980 ἐν
641 1924 890 1995 βρόχοισι
915 1924 1128 1994 δέσμιοι
1152 1923 1482 1994 λελημμένοι

391 2014 635 2080 Φρυγῶν
661 2004 903 2080 ἀρούρας
928 2007 1212 2079 ἐκμάθωσι
1240 2019 1520 2079 γαπονεῖν.

387 2090 594 2165 Έκτορ,
621 2092 873 2163 ταχύνεις
909 2095 1042 2163 πρὶν
1065 2102 1269 2164 μαθεῖν
1292 2090 1352 2147 τὸ
1380 2091 1666 2164 δρώμενον
1683 2109 1695 2120 ·

391 2175 589 2249 ἄνδρες
616 2175 719 2249 γὰρ
746 2183 798 2232 εἰ
829 2176 1138 2248 φεύγουσιν
1163 2174 1265 2232 οὐκ
1293 2185 1451 2247 ἴσμεν
1478 2181 1667 2247 τορῶς.

1807 1594 1864 1641 70

1807 2019 1861 2064 75

385 2269 467 2327 τίς
492 2261 596 2334 γὰρ
619 2258 742 2331 πύρ’
771 2269 961 2316 αἴθειν
986 2259 1260 2331 πρόφασις
1278 2258 1543 2333 Ἀργείων
1568 2260 1831 2331 στρατόν;

386 2344 490 2404 οὐκ
515 2343 623 2404 οἷδ’
644 2365 654 2375 ·
683 2342 933 2402 ὕποπτον
959 2342 1013 2401 δ’
1041 2347 1154 2401 ἐστὶ
1179 2342 1336 2417 κάρτ’
1367 2347 1466 2416 ἐμῇ
1492 2348 1676 2415 φρενί.

384 2427 547 2488 πάντ’
576 2427 646 2487 ἂν
672 2432 944 2504 φοβηθεὶς
970 2439 1117 2501 ἴσθι,
1144 2435 1446 2501 δειμαίνων
1470 2427 1611 2484 τόδε.

387 2514 541 2573 οὔπω
568 2518 701 2588 πρὶν
726 2508 876 2588 ἧψαν
899 2517 1147 2586 πολέμιοι
1171 2513 1400 2571 τοσόνδε
1425 2519 1559 2585 φῶς.

386 2598 512 2657 οὐδ’
543 2593 656 2656 ῶδέ
676 2598 730 2672 γ’
759 2606 994 2672 αἰσχρῶς
1018 2606 1213 2656 ἔπεσον
1237 2602 1297 2655 ἐν
1321 2605 1494 2671 τροπῇ
1520 2596 1698 2669 δορός.

386 2684 457 2741 σύ
482 2682 638 2740 ταῦτ’
669 2687 927 2757 ἔπραξας·
956 2686 1048 2740 καὶ
1076 2683 1142 2740 τὰ
1163 2681 1327 2739 λοιπὰ
1351 2689 1458 2739 νῦν
1485 2682 1694 2738 σκόπει.

383 2767 594 2834 ἁπλοῦς
623 2767 712 2826 ἐπ’
741 2772 961 2841 ἐχθροῖς
985 2775 1165 2840 μῦθος
1193 2765 1436 2837 ὁπλίζειν
1457 2768 1605 2840 χέρα.

1757 2834 1778 2874 2

1803 2441 1862 2486 80
