2018 3117
214 97 316 148 274

218 246 326 293 ΟΡ.

216 413 323 462 ΟΡ.

216 582 322 630 ΟΡ.

215 750 322 798 ΟΡ.

215 919 321 967 ΟΡ.

214 1088 321 1137 ΟΡ.

214 1258 320 1306 ΟΡ.

212 1427 320 1475 ΟΡ.

215 1596 322 1644 ΟΡ.

213 1765 318 1812 ΟΡ.

214 1933 320 1982 ΟΡ.

220 2606 326 2656 ΟΡ.

864 97 1180 144 ΟΡΕΣΤΗΣ

403 237 616 307 δάκρυα
642 241 781 306 γοῦν
805 232 1006 306 γένοιτ’
1037 233 1121 291 ἄν.
1145 243 1266 292 ΠΥ.
1303 235 1512 295 οὔκουν
1549 232 1707 305 οὗτος
1734 244 1863 296 οἰω-

958 318 1054 385 νὸς
1077 322 1270 391 agyam

399 402 608 476 δηλαδὴ
642 410 804 476 σιγᾶν
840 401 1082 476 ἄμεινον.
1133 412 1254 460 ΠΤ.
1291 411 1365 479 τῷ
1409 407 1590 483 χρόνῳ
1636 408 1697 464 δὲ
1734 431 1859 479 κερ-

966 494 1166 554 δανεῖς.

402 572 553 630 κεῖνό
584 595 675 644 μοι
704 573 874 644 μόνον
912 572 1230 645 πρόσαντες,
1270 581 1390 629 ΠΤ.
1427 580 1484 630 τί
1514 575 1639 631 τόδε
1670 575 1864 632 καινὸν

961 650 1034 713 αὖ
1058 661 1262 730 λέγεις;
1781 674 1864 718 790

395 741 469 814 μὴ
496 748 631 798 θεαί
651 739 697 812 μ’
728 750 928 817 οἴστρῳ
953 741 1276 813 κατάσχωσ’.
1305 750 1425 798 ΠΤ.
1451 740 1589 799 ἀλλὰ
1612 744 1865 816 κηδεύσω

969 824 1019 882 σ’
1049 828 1170 898 ἐγώ.

399 911 658 983 δυσχερὲς
670 910 873 977 ψαύειν
890 917 1185 978 νοσοῦντος
1199 909 1416 985 ἀνδρός.
1432 919 1552 968 ΠΓ.
1568 910 1670 969 οὐκ
1684 918 1866 985 ἔμοιγε

965 1013 1082 1050 σου.

398 1077 639 1152 εὐλαβοῦ
666 1079 868 1152 λύσσης
882 1094 1169 1151 μετασχεῖν
1192 1087 1286 1152 τῆς
1311 1084 1590 1153 &MS-HT·
1616 1079 1734 1138 τόδ’
1762 1074 1866 1137 οὖν

963 1173 1075 1219 ἴτω.
1876 1175 1881 1179 ’

401 1246 503 1305 οὐκ
529 1246 616 1320 ἄρ’
648 1245 932 1321 όκνήσειςς
956 1255 1018 1303 Π
1019 1257 1076 1303 Τ.
1110 1247 1270 1314 ὄκνος
1293 1248 1397 1322 γὰρ
1423 1263 1535 1316 τοῖς
1560 1257 1741 1322 φίλοις
1765 1274 1858 1306 κα-

965 1356 1065 1389 κον
1088 1335 1242 1406 μέγα.

397 1422 527 1491 ἕρπε
556 1441 665 1473 νυν
694 1421 810 1484 οἴαξ
836 1417 1004 1483 ποδός
1033 1441 1140 1489 μοι.
1176 1425 1296 1474 ΠΥ.
1335 1425 1470 1491 φίλα
1508 1417 1561 1491 γ’
1602 1426 1740 1491 ἔχων
1764 1442 1859 1491 κη-

971 1503 1228 1574 δεύματα.
1780 1517 1864 1561 795

396 1593 494 1642 καί
517 1610 583 1658 με
607 1585 745 1659 πρὸς
774 1586 985 1659 τύμβον
1014 1588 1292 1659 πόρευσον
1318 1587 1536 1659 πατρός.
1562 1595 1681 1642 ΠΤ.
1715 1585 1788 1653 ὥς
1811 1593 1868 1644 τί

962 1670 1028 1744 δὴ
1059 1672 1211 1738 τόδε;

399 1754 470 1822 ὤς
495 1780 586 1812 νιν
615 1756 875 1811 ἱκετεύσω
900 1779 966 1827 με
993 1763 1181 1813 σῶσαι.
1207 1764 1265 1812 Π
1270 1765 1325 1812 Υ.
1353 1756 1415 1813 τό
1438 1779 1500 1828 γε
1525 1761 1742 1812 δίκαιον
1767 1749 1861 1812 οἶδ’

960 1848 1084 1912 ἔχει.

396 1927 624 1997 μητέρος
646 1925 707 1981 δὲ
739 1923 867 1997 μηδ’
897 1931 1068 1998 ἴδοιμι
1106 1932 1306 1998 μνῆμα.
1343 1933 1463 1981 ΠΥ.
1502 1931 1735 1997 πολεμία
1758 1924 1863 1998 γὰρ

968 2003 1054 2082 ἦν.

403 2091 521 2150 ἀλλ’
566 2092 769 2165 ἔπειγ’,
806 2091 877 2159 ὡς
921 2095 993 2166 μή
1039 2114 1099 2151 σε
1136 2094 1349 2167 πρόσθε
1386 2101 1569 2167 ψῆφος
1599 2092 1862 2166 Ἀργείων

960 2183 1072 2251 ἕλῃ,
1779 2193 1869 2237 799

402 2262 717 2335 περιβαλὼν
742 2269 999 2332 πλευροῖς
1026 2266 1199 2334 ἐμοῖσι
1223 2262 1435 2335 πλευρὰ
1459 2270 1669 2335 νωχελῆ
1696 2264 1858 2339 νόσῳ,

404 2345 475 2413 ὥς
500 2346 604 2418 ἐγώ
631 2344 705 2403 δι’
740 2343 942 2413 ἄστεως
966 2365 1027 2403 σε
1053 2345 1253 2419 σμικρὰ
1279 2354 1588 2418 φροντίζων
1613 2345 1776 2418 ὄχλου

404 2430 569 2488 οὐδὲν
583 2433 902 2502 αἰσχυνθεὶς
926 2429 1120 2503 ὀχήσω.
1148 2437 1255 2487 ποῦ
1279 2431 1382 2504 γὰρ
1410 2428 1487 2487 ὦν
1511 2436 1669 2500 δείξω
1686 2438 1861 2504 φίλος,

405 2526 459 2573 εἴ
488 2534 548 2572 σε
581 2514 652 2587 μὴ
673 2513 727 2571 ’ν
763 2520 1032 2572 δειναῖσιν
1058 2513 1188 2572 ὄντα
1214 2530 1525 2588 συμφοραῖς
1550 2518 1862 2587 ἐπαρκε’σω;

399 2598 551 2656 τοῦτ’
594 2603 799 2671 ἐκεῖνο,
835 2597 1031 2657 κτᾶσθ’
1079 2603 1353 2673 ἑταίρους,
1390 2599 1461 2673 μὴ
1500 2598 1559 2656 τὸ
1597 2600 1862 2673 συγγενὲς

965 2684 1162 2757 μόνον·

407 2765 479 2834 ὠς
505 2765 645 2839 ἀνὴρ
671 2765 818 2834 ὅστις
846 2769 1093 2841 τρόποισι
1116 2775 1377 2842 συντακῇ,
1402 2779 1637 2842 θυραῖος
1662 2768 1757 2840 ὤν,
1776 2782 1861 2825 805

403 2858 620 2925 μυρίων
633 2860 903 2925 κρείσσων
930 2851 1178 2926 ὁμαίμων
1194 2851 1355 2925 ἀνδρὶ
1368 2859 1670 2925 κεκτῆσθαι
1684 2859 1856 2926 φίλος.
