2018 3117
82 635 191 708 TA.

74 913 188 962 ΕΚ.

71 1251 186 1299 ΧΟ.

68 1419 182 1468 ΕΚ.

67 1757 181 1806 ΧΟ.

65 2093 178 2143 ΕΚ.

64 2180 180 2228 ΧΟ.

63 2263 178 2312 ΕΚ.

61 2349 179 2397 ΧΟ.

62 2433 178 2482 ΕΚ.

63 2601 177 2651 ΧΟ.

752 92 1008 139 ΤΡΩΙΑΔ
1011 95 1104 139 ΕΣ
1626 96 1728 150 387

264 236 540 302 πιμπρᾶσί
559 228 633 302 σ’,
657 228 795 303 ἡμᾶς
820 230 873 288 δ’
912 231 1162 304 ἐξάγουσ’
1196 231 1302 306 ἤδη
1326 235 1532 306 χθονὸς

266 314 492 380 δούλας·
522 314 585 371 ἰώ
610 322 751 372 θεοί.
779 318 871 372 καὶ
894 323 951 372 τί
970 316 1099 383 τοὺς
1122 317 1292 384 θεοὺς
1315 326 1464 375 καλῶ
1479 346 1492 388 ;
1618 335 1728 379 1280

263 401 354 455 καὶ
379 401 512 472 πρὶν
536 399 640 472 γὰρ
666 398 768 456 οῦκ
795 398 1043 472 ἤκουσαν
1068 400 1524 476 ἀνακαλούμενοι.

264 481 389 557 φέρ’
419 489 494 549 είς
518 484 702 557 πυρὰν
727 486 1048 557 δράμωμεν,
1078 484 1150 552 ὡς
1176 488 1436 545 κάλλιστά
1457 513 1548 562 μοι

264 568 370 624 σὺν
394 574 523 641 τῇδε
548 574 770 640 πατρίδι
794 579 1095 626 κατθανεῖν
1119 576 1455 647 πυρουμένῃ.

264 656 587 727 ἐνθουσιᾷς,
615 653 876 725 δύστηνε,
902 668 1015 720 τοῖς
1039 662 1240 728 σαυτῆς
1264 672 1450 723 κακοῖς
1466 678 1476 687 ·

263 735 382 792 ἄλλ’
411 735 596 809 ἄγετε,
622 736 695 808 μὴ
722 736 980 809 φείδεσθ’
1002 759 1012 769 ·
1033 738 1338 807 Ὀδυσσέως
1363 743 1424 799 δὲ
1446 743 1549 816 χρὴ
1620 758 1726 802 1285

265 827 340 887 εἰς
361 834 516 894 χεῖρα
541 826 739 877 δοῦναι
764 823 929 894 τήνδε
953 826 1044 879 καὶ
1068 827 1303 896 πέμπειν
1326 830 1502 901 γέρας.

259 904 639 962 ὀτοτοτοτοτοῖ.

259 990 490 1063 Κρόνιε,
518 990 756 1062 πρύτανι
781 992 1017 1064 Φρύγιε,
1049 996 1241 1064 γενέτα

262 1074 459 1147 πάτερ,
487 1072 679 1142 ἀνάξια
704 1082 798 1141 τᾶς
821 1077 1124 1150 Δαρδάνου

260 1166 425 1230 γονᾶς
448 1158 570 1215 τάδ’
601 1156 686 1215 οἷα
710 1161 987 1232 πάσχομεν
1013 1164 1304 1234 δέδορκας;
1615 1181 1719 1225 1290

262 1246 552 1317 δέδορκεν,
579 1242 612 1299 ἁ
637 1245 698 1300 δὲ
723 1246 1087 1316 μεγαλόπολις

260 1326 451 1393 ἄπολις
476 1325 687 1385 ὄλωλεν
712 1327 836 1386 οὐδ’
873 1328 947 1385 ἔτ’
979 1336 1089 1387 ἔστι
1121 1338 1306 1402 Τροιά.

251 1411 630 1469 ὀτοτοτοτοτοῖ.

255 1501 529 1568 λέλαμπεν
545 1495 707 1563 Ἴλιος
733 1521 868 1570 περ-
1607 1518 1714 1561 1295

254 1582 444 1654 γάμων
469 1605 527 1638 τε
553 1584 687 1655 πυρὶ
712 1590 1032 1639 καταίθεται
1057 1586 1294 1658 τέραμνα

253 1668 346 1723 καὶ
369 1667 524 1732 πόλις
549 1664 689 1739 ἄκρα
713 1691 770 1723 τε
793 1670 1030 1739 τειχέων.

253 1753 482 1823 πτέρυγι
507 1752 567 1807 δὲ
590 1751 796 1818 καπνὸς
821 1750 892 1818 ὥς
915 1776 992 1818 τις
1018 1751 1117 1808 οῦ-

254 1841 417 1909 ρανίᾳ
442 1843 686 1892 πεσοῦσα
712 1840 834 1910 δορὶ
857 1845 1190 1909 καταφθίνει
1215 1845 1298 1910 γᾶ.

251 1919 460 1992 μαλερὰ
484 1923 734 1992 μέλαθρα
759 1925 894 1995 πυρὶ
917 1922 1231 1995 κατάδρομα
1602 1940 1713 1983 1300

256 2010 393 2079 δαΐῳ
422 2028 479 2060 τε
503 2005 687 2080 λόγχᾳ.

251 2088 313 2146 lc&
341 2095 410 2161 γᾶ
432 2090 665 2162 τρόφιμε
689 2097 800 2146 τῶν
826 2095 972 2163 ἐμῶν
994 2094 1219 2148 τέκνων.
1486 2111 1599 2168 στρ.

248 2176 276 2230 ἒ
300 2180 340 2229 ε’.

250 2250 294 2313 ὦ
316 2261 506 2330 τέκνα,
531 2259 753 2331 κλύετε,
779 2260 984 2332 μάθετε
1008 2261 1209 2335 ματρὸς
1232 2260 1427 2319 αὐδάν.

249 2346 449 2418 ἰαλέμῳ
471 2343 599 2410 τοὺς
621 2344 897 2411 θανόντας
921 2344 1131 2411 ἀπύεις.
1175 2369 1180 2372 ’

247 2428 439 2500 γεραιά
462 2425 511 2484 τ’
545 2434 620 2494 είς
643 2422 812 2486 πέδον
833 2440 1050 2486 τιθεῖσα
1071 2432 1252 2502 μέλεα,
1602 2447 1712 2491 1305

249 2512 341 2567 καὶ
363 2513 516 2583 χερσὶ
540 2526 702 2584 γαῖαν
725 2521 1008 2569 κτυποῦσα
1034 2520 1258 2580 δισσαῖς.

248 2595 474 2667 διάδοχά
497 2615 582 2654 σοι
604 2598 743 2670 γόνυ
770 2604 962 2671 τίθημι
986 2606 1116 2674 γαία

250 2678 379 2745 τοὺς
406 2678 568 2752 ἐμούς
592 2689 837 2739 καλοῦσα
865 2686 1071 2756 νέρθεν

250 2761 482 2830 ἀθλίους
506 2762 740 2832 ἀκοίτας.

521 2866 632 2910 1302
644 2888 712 2899 -
726 2868 838 2913 1316
855 2882 927 2904 =
946 2868 1057 2913 1317
1070 2891 1136 2900 -—
1150 2870 1259 2913 1332
1286 2930 1351 2980 25
1367 2934 1389 2960 *
