2018 3117
470 94 846 141 ΙΦΙΓΕΝΕΙΑ
881 95 942 140 Η
964 95 1063 140 ΕΝ
1098 95 1355 141 ΛΥΛΙΔῙ

265 241 425 308 ἔρωτι
452 232 503 289 δ’
533 231 696 300 αὐτὸς
723 233 1010 304 ἐπτοάθης.

262 316 402 376 ὅθεν
429 324 539 391 ἔρις
566 325 684 393 ἔριν

256 402 483 460 Ἑλλάδα
509 403 615 460 σὺν
641 404 763 475 δορὶ
786 408 956 457 ναυσί
978 398 1026 455 τ’
1057 399 1175 474 ἄγει

261 493 313 554 ἐς
346 493 540 559 Τροίας
566 489 829 558 πέργαμα.

265 570 329 629 ἰῶ
358 572 448 629 ἰῶ·
478 572 708 646 μεγάλαι
735 570 989 642 μεγάλων

263 655 608 727 εὐδαιμονίαι
625 674 636 684 ·
666 654 768 726 τὴν
791 661 889 711 τοῦ
917 656 1182 726 βασιλέως

263 740 397 799 ἴδετ’
421 740 744 815 Ἰφιγένειαν
769 738 1012 797 ἄνασσαν

261 827 362 898 τὴν
397 827 716 897 Τυνδαρέου
743 849 799 881 τε
823 824 1337 897 Κλυταιμνήστραν,

262 909 333 977 ῶς
360 914 418 966 ἐκ
447 909 701 983 μεγάλων
728 906 1089 982 ἐβλαστήκασ’

259 1000 354 1052 ἐπί
374 993 422 1051 τ’
455 993 709 1067 εὐμήκεις
736 993 932 1068 ἥκουσι
956 992 1136 1065 τύχας.

258 1087 390 1137 θεοί
409 1104 490 1136 τοι
517 1085 804 1150 κρείσσους
833 1077 961 1134 οἵτ’
994 1076 1296 1151 ὀλβοφόροι

257 1179 367 1230 τοῖς
392 1163 494 1221 οὐκ
521 1161 806 1237 εὐδαίμοσι
831 1170 1071 1220 θνατῶν.

261 1255 520 1322 [στῶμεν,
546 1255 819 1315 Χαλκίδος
847 1254 1044 1320 ἔκγονα
1070 1251 1375 1320 θρέμματα,

259 1333 360 1406 τὴν
385 1342 671 1406 βασίλειαν
697 1332 966 1404 δεξώμεθ’
1000 1330 1146 1404 ὄχων

260 1417 364 1476 ἅπο
390 1419 462 1491 μὴ
489 1425 776 1492 σφαλερῶς
803 1420 890 1475 ἐπὶ
916 1431 1096 1490 γαῖαν,

261 1501 476 1575 άγανῶς
503 1505 563 1559 δὲ
587 1518 772 1576 χεροῖν
797 1509 1010 1576 μαλακῇ
1036 1502 1245 1576 γνώμῃ,

257 1588 329 1660 μὴ
356 1589 600 1661 ταρβήσῃ
629 1595 830 1644 νεωστί
852 1611 942 1658 μοι
968 1586 1139 1659 μολὸν

259 1679 481 1730 κλεινὸν
513 1681 708 1728 τέκνον
739 1676 1155 1742 Ἀγαμέμνονος,

257 1760 394 1830 μηδὲ
420 1757 674 1832 θόρυβον
701 1755 832 1829 μηδ’
862 1760 1119 1829 ἔκπληξιν

258 1857 374 1910 ταῖς
404 1841 671 1915 Ἀργείαις

256 1931 429 1995 ξεῖναι
452 1931 651 1995 ξείναις
677 1930 1032 2000 παρέχωμεν.]

255 2011 462 2085 ὄρνιθα
483 2037 584 2084 μεν
607 2011 762 2069 τόνδ’
793 2022 973 2069 αἴσιον
999 2012 1330 2084 ποιούμεθα,

258 2097 317 2154 τὸ
345 2098 446 2155 σόν
470 2122 527 2154 τε
552 2096 790 2170 χρηστὸν
815 2099 906 2154 καὶ
930 2096 1112 2168 λόγων
1141 2095 1424 2169 εὐφημίαν
1442 2115 1452 2126 ”

256 2187 450 2240 ἐλπίδα
475 2181 528 2239 δ’
559 2189 661 2254 ἔχω
689 2180 797 2239 τιν’
830 2178 901 2249 ῶς
931 2180 1016 2238 ἐπ’
1046 2185 1328 2238 ἐσθλοῖσιν
1353 2180 1543 2254 γάμοις

257 2267 482 2340 πάρειμι
507 2268 896 2340 νυμφαγωγός.
928 2263 1050 2323 ἀλλ’
1080 2263 1367 2339 ὀχημάτων

261 2355 359 2419 ἔξω
385 2349 654 2423 πορεύεθ’
684 2349 745 2418 ἂς
772 2356 923 2425 φέρω
951 2349 1159 2424 φερνὰς
1184 2352 1339 2424 κόρῃ,

257 2439 350 2493 καὶ
377 2435 606 2508 πέμπετ’
638 2444 714 2503 εἰς
738 2441 1022 2509 μέλαθρον
1053 2434 1472 2508 εὐλαβούμενοι.

258 2520 328 2577 σὺ
355 2527 387 2578 δ
395 2520 428 2594 ',
459 2524 498 2577 ῶ
527 2525 721 2578 τέκνον
747 2545 865 2594 μοι,
893 2529 1046 2577 λεῖπε
1070 2518 1345 2585 πωλικοὺς
1373 2517 1552 2592 ὄχους,

261 2604 437 2677 ἁβρὸν
462 2617 680 2663 τιθεῖσα
705 2613 886 2663 κῶλον
912 2603 1143 2671 ἀσθενές
1168 2604 1232 2661 θ’
1261 2601 1386 2676 ἅμα.

259 2687 413 2761 ὑμεῖς
440 2693 500 2748 δὲ
524 2691 772 2758 νεάνιδές
797 2714 888 2746 νιν
913 2688 1174 2762 ἀγκάλαις
1203 2698 1290 2747 ἔπι

260 2777 491 2841 δέξασθε
515 2779 607 2832 καὶ
634 2773 930 2849 πορεύσατ’
962 2779 1013 2842 ἐξ
1040 2773 1345 2847 ὀχημάτων.

259 2865 356 2913 καί
378 2882 468 2925 μοι
491 2858 648 2931 χερός
673 2884 751 2927 τις
776 2860 980 2917 ἐνδότω
1009 2866 1360 2933 στηρίγματα,

1645 586 1728 630 590

1645 1009 1726 1054 595

1643 1431 1728 1475 600

1642 2281 1725 2324 610

1637 2703 1721 2745 615
