2018 3117
216 103 282 153 92

229 1673 359 1741 Χο.

234 1861 321 1910 [Φ.

585 102 958 149 ΙΦΙΓΕΝΕΙΑ
991 102 1049 146 Η
1073 102 1166 147 ΕΝ
1206 102 1503 148 ΤΑΥΡΟΙΣ

411 241 534 298 ὅσαι
560 241 610 298 δ’
647 241 916 313 Ἐρινύων
942 240 1044 298 οῦκ
1072 245 1414 312 ἐπείσθησαν
1438 242 1607 318 νόμῳ,
1792 255 1878 303 970

410 327 632 400 δρόμοις
657 325 1039 398 ἀνιδρύτοισιν
1065 325 1374 398 ἠλάστρουν
1397 325 1456 398 μ’
1489 325 1591 399 ἀεί,

408 416 509 477 ἕως
534 416 586 477 ἐς
611 409 785 483 ἁγνὸν
810 404 988 483 ἦλθον
1015 405 1089 467 αῦ
1115 417 1326 481 Φοίβου
1351 413 1538 483 πέδον,

411 499 503 553 καὶ
528 497 777 568 πρόσθεν
803 495 1024 553 ἀδύτων
1051 500 1321 564 ἐκταθείς,
1349 502 1535 566 νῆστις
1553 504 1747 569 βορᾶς,

407 579 644 653 έπῶμοσ’
676 579 848 637 αὐτοῦ
872 588 997 653 βίον
1022 579 1351 652 ἀπορρήξειν
1378 582 1590 653 θανών,

410 672 460 722 εί
479 667 551 738 μή
574 689 640 738 με
665 666 828 722 σώσει
855 673 1071 738 Φοῖβος,
1098 664 1157 731 ὅς
1180 663 1242 737 μ’
1274 663 1572 722 ἀπώλεσεν.
1796 681 1881 726 975

408 755 677 808 ἐντεῦθεν
703 748 882 823 αὐδὴν
910 756 1167 823 τρίποδος
1194 755 1252 806 ἐκ
1277 757 1488 822 χρυσοῦ
1514 751 1700 808 λακὼν

410 837 611 908 Φοῖβός
635 833 693 907 μ’
723 843 930 908 ἔπεμψε
955 842 1151 908 δεῦρο,
1180 835 1425 900 διοπετὲς
1450 843 1642 908 λαβεῖν

410 919 608 994 ἄγαλμ’
634 920 889 994 Ἀθηνῶν
915 919 963 976 τ’
993 925 1396 992 ἐγκαθιδρῦσαι
1421 928 1604 991 χθονί.

409 1004 530 1062 ἀλλ’
560 1004 734 1078 ἤνπερ
762 1004 893 1079 ἡμῖν
918 1004 1119 1078 ω’ρισεν
1147 1011 1441 1077 σωτηρίαν,

411 1092 754 1162 σύμπραξον
782 1089 851 1163 ἢν
876 1091 980 1162 γὰρ
1007 1098 1141 1156 θεᾶς
1170 1091 1522 1161 κατάσχωμεν
1547 1093 1759 1162 βρέτας,
1797 1104 1882 1148 980

407 1183 622 1247 μανιῶν
649 1201 705 1232 τε
729 1178 868 1249 λήξω
896 1179 987 1231 καὶ
1011 1176 1070 1231 σὲ
1094 1174 1404 1249 πολυκώπῳ
1430 1175 1628 1246 σκάφει

410 1268 625 1327 στείλας
649 1262 945 1333 ,Μυκήναις
971 1261 1349 1331 ἐγκαταστήσω
1377 1260 1557 1316 πάλιν.

409 1345 528 1402 ἀλλ’
560 1340 603 1401 ῶ
628 1344 935 1418 φιληθεϊσ’,
964 1340 1005 1401 ῶ
1032 1352 1364 1416 κασίγνητον
1390 1345 1548 1416 κάρα,

410 1437 590 1486 σῶσον
617 1438 873 1507 πατρῷον
898 1431 1078 1500 οἶκον,
1110 1437 1351 1486 ἔκσωσον
1378 1427 1428 1485 δ’
1459 1432 1578 1501 ε’μέ·

411 1513 482 1581 ῶς
509 1513 635 1587 τᾶμ’
659 1514 834 1572 ὄλωλε
858 1516 1034 1572 πάντα
1060 1518 1151 1570 καὶ
1177 1514 1242 1570 τὰ
1265 1520 1616 1585 Πελοπιδῶν,
1798 1527 1880 1575 985

410 1598 674 1672 οὐράνιον
703 1608 754 1657 εί
777 1601 848 1673 μὴ
875 1601 1201 1673 ληψόμεσθα
1225 1606 1360 1664 θεᾶς
1385 1601 1598 1671 βρέτας.

408 1686 564 1758 δεινή
590 1711 670 1751 τις
693 1684 830 1758 ὀργὴ
858 1685 1137 1758 δαιμόνων
1163 1687 1376 1752 ἐπέζεσε

413 1769 472 1827 τὸ
508 1771 838 1827 Ταντάλειον
863 1773 1075 1843 σπέρμα
1101 1768 1193 1826 διὰ
1219 1770 1406 1825 πόνων
1431 1767 1478 1824 τ’
1508 1767 1645 1841 ἄγει.

411 1855 470 1911 τὸ
495 1856 596 1927 μὲν
621 1856 942 1928 πρόθυμον,
970 1862 1104 1925 πρίν
1128 1874 1188 1911 σε
1213 1852 1370 1927 δεῦρ’
1401 1858 1608 1925 ἐλθεῖν,
1639 1860 1743 1927 ἔχω

398 1939 587 2005 ’Ἀργει
614 1941 878 2007 γενέσθαι
906 1941 995 1992 καὶ
1024 1942 1108 2006 σε’,
1139 1940 1395 2009 σύγγον’,
1428 1943 1670 1995 εἰσιδεῖν.
1813 1953 1901 1997 990

413 2027 562 2074 θελω
602 2022 654 2074 δ’
697 2023 836 2091 ἅπερ
877 2024 973 2091 σύ,
1016 2028 1075 2076 σε’
1112 2045 1170 2077 τε
1208 2030 1541 2093 μεταστῆσαι
1580 2027 1771 2080 πόνων

413 2108 693 2159 νοσοῦντά
731 2106 779 2158 τ’
820 2104 1001 2174 οἶκον,
1043 2107 1166 2175 οὐχὶ
1203 2113 1276 2177 τῷ
1318 2109 1576 2162 κτανόντι
1613 2129 1680 2178 με

413 2191 771 2258 θυμουμένη,
812 2194 1068 2259 πατρῷον
1109 2190 1360 2259 ὀρθῶσαι
1399 2193 1584 2244 πάλιν.
1813 2202 1898 2244 993

413 2270 538 2325 ἀλλ’
577 2275 628 2325 εἰ
661 2275 761 2341 μὲν
799 2275 860 2326 ἕν
887 2295 934 2326 τι
973 2273 1134 2326 τοῦθ’
1175 2273 1314 2342 ὁμοῦ
1354 2276 1670 2344 γενήσεται,
1813 2285 1897 2328 999

413 2355 630 2424 ἄγαλμά
655 2357 706 2409 τ’
747 2362 914 2418 οἴσεις
952 2356 1077 2425 κᾶμ’
1122 2356 1209 2410 ἐπ’
1252 2358 1577 2427 εὐπρύμνου
1604 2358 1743 2422 νεώς

413 2438 582 2506 ἇξεις,
623 2439 683 2492 τὸ
722 2441 1065 2508 κινδύνευμα
1104 2445 1349 2508 γίγνεται
1388 2443 1587 2495 καλόν·

412 2524 616 2575 τούτου
655 2525 713 2577 δὲ
753 2524 1076 2592 χωρισθεῑσ’
1120 2521 1225 2592 ἐγώ
1265 2526 1366 2594 μὲν
1406 2524 1672 2594 ὄλλυμαι,

414 2605 484 2657 σύ
507 2606 558 2658 δ’
582 2606 650 2659 ἂν
672 2606 732 2659 τὸ
756 2612 965 2660 σαυτοῦ
985 2610 1218 2676 θέμενος
1241 2603 1305 2661 εῦ
1328 2609 1535 2662 νόστου
1558 2610 1758 2677 τύχοις.
1791 2620 1899 2660 1003

414 2695 630 2758 σφαγῆς
667 2710 725 2742 τε
761 2693 867 2758 γὰρ
907 2696 1007 2759 σῆς
1043 2690 1180 2759 χεῖρ’
1222 2691 1633 2760 ἀπαλλάξαιμεν
1673 2693 1745 2746 ἄν
1816 2704 1899 2743 994

414 2775 654 2842 σώσαιμί
688 2774 739 2825 τ’
779 2779 987 2837 οἴκους·
1028 2773 1130 2843 τὴν
1167 2775 1305 2828 θεὸν
1345 2775 1396 2828 δ’
1439 2776 1586 2838 ὅπως
1624 2778 1781 2829 λάθω

416 2857 638 2909 δέδοικα
667 2858 757 2908 καὶ
784 2858 1092 2923 τύραννον,
1120 2857 1266 2925 ἡνίκ’
1296 2859 1366 2911 ἂν
1393 2862 1555 2921 κενὰς
