2018 3117
206 87 308 140 292

207 319 320 370 EP-

209 486 330 536 ΗΛ.

212 824 330 874 ΧΟ.

225 2261 324 2311 ΦΡ

864 86 1177 132 ΟΡΕΣΤΗΣ

399 233 551 300 φίλοι
577 224 850 298 ξιφήρεις,
878 221 1002 294 οὐχὶ
1026 224 1368 296 συλλήψεσθ’
1397 224 1603 301 ἅγραν;

398 317 454 369 οἲ
476 309 577 383 ’γεὸ
591 327 602 340 ·
627 315 778 375 τίνας
802 305 993 366 τούσδ’
1021 314 1216 380 εἰσορῶ
1231 334 1245 376 ;
1275 316 1380 365 ΟΡ.
1406 318 1566 384 σιγᾶν
1589 311 1793 385 χρεώνα

396 393 529 468 ἡμῖν
551 392 654 467 γὰρ
679 390 856 466 ἥκεις,
882 389 1004 464 οὐχὶ
1031 399 1144 464 σοι’,
1171 400 1426 466 σωτηρία.

399 476 584 551 ἔχεσθ’
615 484 834 550 ἔχεσθε·
861 478 1148 550 φάσγανον
1172 478 1233 534 δὲ
1256 477 1391 551 πρὸς
1415 481 1546 553 δέρῃ

399 563 659 636 βαλόντες
683 559 999 635 ἡσυχάζεθ’
1034 586 1104 628 ως
1132 567 1250 636 εἰδῇ
1274 562 1401 619 τόδε
1746 580 1855 622 135G

399 650 714 718 ΛῙενέλαος,
740 643 871 704 οῧνε
856 644 930 703 κ’
959 644 1190 719 άνδρας,
1218 644 1284 703 ού
1311 648 1535 721 Φρύγας
1559 649 1780 730 κακούς,

404 731 586 805 εὑρων
609 734 840 806 ἔπραξεν
863 728 951 788 οἷα
972 731 1073 804 χρὴ
1100 732 1367 803 πράσσειν
1390 734 1608 798 κακούς.

401 817 465 875 ίω
493 816 556 874 ἰώ
585 823 759 890 φίλαι,
1620 835 1733 891 στρ.

403 903 615 960 κτύπον
638 905 899 975 ἐγείρετε,
927 901 1138 958 κτύπον
1162 903 1254 957 καὶ
1278 901 1417 974 βοὰν

403 985 507 1061 πρὸ
533 985 859 1058 μελάθρων,
886 982 1032 1051 ὅπως
1057 983 1085 1041 ὁ
1111 988 1377 1058 πραχθεὶς
1402 987 1571 1059 φόνος

408 1071 479 1145 μὴ
507 1069 694 1128 δεινὸν
711 1068 1037 1142 Ἀργείοισιν
1062 1069 1268 1144 ἐμβάλῃ
1294 1071 1491 1144 φόβον,
1755 1086 1863 1130 1355

405 1161 777 1229 βοηδρομῆσαι
805 1153 938 1227 πρὸς
966 1153 1168 1225 δόμους
1193 1156 1573 1227 τυραννικούς,

407 1244 537 1311 πρὶν
562 1239 769 1310 ἐτύμως
795 1244 895 1295 ἴδω
921 1237 1017 1294 τὸν
1037 1236 1250 1305 Ἑλένας
1277 1240 1453 1312 φόνον

406 1322 788 1396 καθαιμακτὸν
813 1327 872 1380 ἐν
897 1322 1082 1395 δόμοις
1107 1330 1379 1396 κείμενον,

406 1405 443 1482 ἦ
468 1411 559 1466 καὶ
583 1408 750 1480 λόγον
778 1432 875 1465 του
900 1408 1228 1482 προσπόλων
1252 1409 1567 1482 πυθώμεθα
1584 1429 1595 1440 ·

405 1493 499 1560 τὰς
525 1495 626 1566 μὲν
650 1491 753 1566 γὰρ
780 1493 903 1550 οἶδα
927 1493 1230 1565 συμφοράς,
1247 1492 1339 1559 τὰς
1365 1492 1419 1549 δ’
1446 1491 1513 1550 οὐ
1539 1500 1868 1565 σαφῶς.1360

410 1577 501 1635 διὰ
533 1583 688 1644 δίκας
716 1584 814 1649 ἔβα
837 1583 990 1634 θεῶν

409 1666 623 1735 νέμεσις
649 1667 701 1729 ἐς
719 1660 956 1718 Ἑλέναν.

411 1746 700 1818 δακρύοισι
724 1745 827 1819 γὰρ
849 1745 1062 1803 Ἑλλάδ’
1087 1746 1303 1802 ἅπασαν
1325 1753 1548 1820 ἔπλησε,

412 1832 503 1889 διὰ
531 1831 621 1888 τὸν
645 1829 912 1902 ὀλόμενον
946 1826 1211 1900 ὀλόμενον
1227 1826 1423 1885 Ἰδαῐον

408 1917 620 1988 Πάριν,
647 1914 704 1983 ὃς
730 1914 890 2017 ἄγαγ’
917 1913 1129 1972 Ἑλλάδ’
1161 1923 1234 1980 εἰς
1253 1913 1438 1971 Ἴλιον.
1761 1928 1873 1973 1305

412 1999 478 2057 αλ
482 2000 549 2057 λα
571 2014 771 2057 κτυπει
789 2025 892 2072 γαρ
918 2007 1136 2072 κλῇθρα
1160 2006 1460 2072 βασιλικῶν
1487 2004 1701 2073 δόμων,

412 2083 690 2157 σιγήσατ’·
718 2088 816 2151 ἔξω
843 2085 945 2156 γάρ
971 2109 1051 2149 τις
1076 2088 1317 2156 ἐκβαίνει
1343 2091 1600 2157 Φρυγων,

411 2173 479 2226 οὐ
505 2169 859 2240 πευσόμεσθα
883 2167 984 2224 τάν
1009 2166 1240 2239 δόμοις
1220 2166 1366 2233 όπως
1392 2175 1514 2239 ἔχει.

406 2251 652 2328 Ἀργεῖον
676 2256 832 2326 ξίφος
857 2256 915 2309 ἐκ
939 2254 1188 2309 θανάτου
1213 2256 1463 2326 πέφευγα

414 2339 711 2412 βαρβάροις
738 2340 1055 2410 εὐμάρισιν,
1765 2348 1877 2395 1370

412 2421 661 2492 κεδρωτὰ
685 2422 978 2480 παστάδων
1002 2420 1140 2494 ὑπὲρ
1166 2424 1406 2494 τέραμνα

412 2509 670 2581 Δωρικάς
696 2531 754 2564 τε
779 2506 1133 2580 τριγλύφους,

416 2597 636 2666 φροῦδα
663 2598 910 2665 φροῦδα,
937 2598 1006 2663 γᾶ
1030 2598 1116 2663 γᾶ,

416 2677 740 2751 βαρβάροισι
765 2682 1040 2749 δρασμοῖς.

688 2778 800 2822 1353
812 2799 880 2808 -·
893 2778 1003 2828 1365
1022 2791 1092 2814 =
1111 2775 1223 2822 1537
1239 2797 1299 2805 ·-
1314 2776 1428 2822 1548
