2018 3117
680 622 1205 679 ΕΥΡΙΠΙΔΟΥ

303 777 834 843 ΙΦΙΓΕΝΕΙΑ
883 777 962 840 Η
1005 774 1144 840 ΕΝ
1185 771 1573 844 ΑῩΛΙΔΙ.

119 1100 283 1152 ΑΓΛ.
311 1088 372 1150 Ὦ,
400 1098 629 1168 πρέσβυ,
659 1095 846 1167 δόμων
870 1099 1046 1150 τῶνδε
1071 1093 1342 1166 πάροιθεν

310 1193 499 1250 στεῖχε.
524 1188 637 1236 ΠΡ.
665 1187 874 1251 στείχω.
901 1185 958 1234 τί
978 1179 1038 1234 δὲ
1061 1190 1426 1251 καινουργεῖς,

305 1262 644 1336 Ἀγάμεμνον
668 1262 832 1331 άναξ;
868 1269 1035 1319 ΑΓΛ.
1064 1262 1346 1331 σπεύσεις;
1380 1270 1491 1331 ΠΡ.
1521 1262 1760 1318 σπεύδω.

308 1348 450 1419 μάλα
476 1373 557 1405 τοι
582 1355 751 1421 γῆρας
777 1346 985 1419 τούμὸν
1010 1346 1225 1404 ἄυπνον

307 1434 397 1488 καὶ
422 1432 508 1489 ἐπ’
538 1431 846 1504 ὀφθαλμοῖς
871 1430 967 1499 ὀξὺ
991 1431 1267 1504 πάρεστιν,
1737 1447 1761 1487 5

108 1521 276 1571 ΑΓΛ.
310 1522 391 1581 τίς
417 1515 541 1573 ποτ’
570 1515 661 1588 ἄρ’
692 1514 859 1588 ἀστὴρ
887 1514 982 1573 ὅδε
1006 1516 1342 1588 πορθμεύει;

113 1602 228 1651 ΠΡ.
304 1603 518 1665 Σείριος
542 1598 706 1668 ἐγγὺς
734 1605 827 1668 τῆς
859 1600 1174 1669 ἑπταπόρου

303 1682 574 1746 Πλειάδος
610 1679 797 1752 ᾄσσων
826 1684 905 1733 ἔτι
934 1681 1223 1750 μεσσήρης.

102 1766 261 1820 ΑΓΑ.
306 1759 516 1816 οὔκουν
547 1761 798 1831 φθόγγος
826 1759 880 1829 γ’
917 1760 1034 1816 οὔτ’
1069 1762 1318 1831 ὀρνίθων

304 1844 430 1903 οὔτε
455 1848 760 1919 θαλάσσης·
795 1850 943 1920 σιγαὶ
971 1853 1003 1903 δ
1011 1846 1023 1866 ’
1055 1844 1273 1918 ἀνέμων
1710 1864 1760 1905 10

303 1932 464 1988 τόνδε
491 1930 612 1988 κατ’
640 1930 893 2005 Εὔριπον
926 1939 1160 2004 ἔχουσιν.

106 2022 222 2071 ΠΡ.
304 2023 360 2072 τί
379 2016 440 2072 δὲ
465 2015 534 2071 σὺ
560 2023 764 2089 σκηνῆς
791 2016 943 2083 ἐκτὸς
969 2014 1190 2087 ἀίσσεις,

296 2098 636 2172 Ἀγάμεμνον
663 2099 795 2168 ἅναξ
816 2127 827 2168 ;

302 2191 379 2241 ε”τι
404 2182 458 2241 δ’
486 2183 686 2257 ἡσυχία
708 2192 839 2260 τῇδε
864 2184 984 2243 κατ’
1016 2179 1217 2257 Αὖλιν,

296 2271 390 2326 καὶ
416 2267 663 2343 ἀκίνητοι
690 2273 933 2342 φυλακαὶ
960 2273 1198 2343 τειχέων.
1705 2286 1758 2327 15

302 2360 599 2426 στείχωμεν
624 2361 745 2411 ἔσω.
771 2362 938 2412 ΑΓΑ.
969 2362 1109 2428 ζηλῶ
1136 2357 1223 2427 σε’,
1251 2358 1433 2428 γε’ρον,

299 2445 438 2510 ζηλῶ
466 2437 518 2495 δ’
549 2437 772 2512 ἀνδρῶν
798 2437 855 2506 ὃς
881 2439 1188 2497 ἀκίνδυνον

298 2531 423 2595 βίον
452 2522 729 2597 ἐξεπέρασ’
759 2521 939 2596 ἆγνώς
965 2522 1159 2597 ἀκλεής
1176 2543 1186 2553 ·

301 2607 428 2673 τοὺς
454 2606 506 2664 δ’
536 2612 596 2665 ἐν
621 2622 798 2680 τιμαῖς
825 2602 996 2681 ἧσσον
1022 2614 1178 2679 ζηλῶ.

105 2697 215 2745 ΠΡ.
294 2693 386 2747 καὶ
409 2692 519 2764 μὴν
542 2691 602 2748 τὸ
627 2693 799 2749 καλόν
823 2691 877 2766 γ’
906 2698 1152 2751 ἐνταῦθα
1180 2699 1325 2766 βίου.
1699 2707 1756 2749 20

100 2780 268 2830 ΑΓΑ.
301 2781 460 2831 τοῦτο
487 2779 552 2832 δέ
575 2774 627 2848 γ’
656 2779 804 2833 ἐστὶν
831 2777 887 2834 τὸ
916 2777 1087 2835 καλὸν
1114 2776 1418 2851 σφαλερόν·

298 2861 390 2914 καὶ
418 2859 477 2915 τὸ
504 2860 771 2933 πρότιμον

1346 2940 1414 2989 l*
