2018 3117
86 253 203 301 HT.

90 337 195 385 ΟΡ.

83 421 202 468 HT.

89 504 193 552 ΟΡ.

84 589 202 636 HT.

88 672 193 720 ΟΡ.

84 756 202 804 HT.

88 840 193 888 ΟΡ.

84 924 201 972 HT.

89 1008 194 1056 ΟΡ.

84 1093 204 1140 HT.

87 1176 192 1224 ΟΡ.

83 1261 200 1308 HT.

86 1344 191 1392 ΟΡ.

84 1429 198 1476 HT.

87 1512 194 1561 ΟΡ.

83 1596 198 1645 HT.

78 2804 199 2811 *-

766 105 1080 151 ΟΡΕΣΤΗΣ
1631 104 1730 154 285

271 241 437 300 οὐδὲν
461 241 520 298 τὸ
547 248 751 299 δοῦλον
775 243 910 316 πρὸς
934 243 994 300 τὸ
1020 243 1092 315 μὴ
1119 249 1323 300 δοῦλον
1347 246 1522 316 γένος.
1623 261 1727 302 1115

268 330 359 383 καὶ
383 326 492 399 μὴν
516 325 634 383 τόδ’
667 330 818 400 ἔρξας
844 330 926 393 δὶς
949 337 1149 384 θανεῖν
1174 325 1274 398 οὐχ
1299 325 1502 400 ἅζομαιυ

272 409 391 467 ἀλλ’
420 408 544 467 οὐδ’
573 410 677 482 ε’γώ
703 410 837 483 μήν,
867 418 960 466 σοί
976 435 1037 482 γε
1060 411 1479 483 τιμωρούμενος.

269 494 328 551 τὸ
356 502 574 568 πρᾶγμα
600 496 768 567 δήλου
793 496 885 550 καὶ
908 493 1145 566 πέραιν’,
1175 492 1320 560 ὅπως
1347 499 1537 567 λέγεις.

274 589 480 651 εἴσιμεν
503 584 555 645 ἐς
582 588 766 643 οἴκους
792 583 995 649 δῆθεν,
1026 577 1096 643 ὡς
1121 580 1477 651 θανούμενοι.

271 671 372 735 ἔχω
401 670 691 731 τοσοῦτον,
717 659 1010 718 τάπίλοιπα
1036 660 1087 717 δ’
1117 660 1219 718 οὐκ
1247 669 1365 733 ἔχω.
1626 681 1728 722 1120

271 748 435 820 γόους
459 747 592 819 πρὸς
620 744 795 818 αὐτὴν
819 744 1130 817 θησόμεσθ’
1159 743 1192 801 ἑὲ
1217 747 1508 818 πάσχομεν.

270 829 397 888 ὥστ’
427 836 762 902 ἐκδακρῦσαί
782 827 835 901 γ’
866 835 1100 885 ἔνδοθεν
1124 835 1477 903 κεχαρμένην.

269 917 360 972 καὶ
382 922 497 990 νῷν
521 917 780 985 παρέσται
808 911 977 969 ταῦθ’
1007 912 1144 986 ἅπερ
1170 921 1326 988 κείνῃ
1352 916 1488 972 τότε.

271 998 438 1056 ἔπειτ’
466 995 652 1069 ἀγῶνα
679 1004 792 1064 πῶς
818 995 1239 1070 ἇγωνιούμεθα;

271 1080 470 1156 κρύπτ’
500 1086 560 1138 ἐν
584 1084 834 1138 πέπλοισι
858 1080 1052 1138 τοισίδ’
1082 1086 1271 1154 ἕξομεν
1295 1087 1443 1156 ξίφη.
1617 1101 1728 1142 1125

267 1168 515 1240 πρόσθεν
539 1163 591 1222 δ’
620 1163 842 1221 ὀπαδῶν
865 1173 945 1231 τίς
970 1164 1200 1239 ὄλεθρος
1224 1169 1536 1239 γενήσεταις

269 1253 600 1323 ἐκκλῄσομεν
643 1257 784 1321 σφᾶς
810 1247 976 1305 ἄλλον
1002 1248 1195 1307 ἄλλοσε
1220 1255 1426 1324 στέγης.

266 1339 356 1393 καὶ
380 1337 477 1394 τόν
500 1359 562 1406 γε
588 1332 660 1405 μὴ
686 1332 906 1404 σιγῶντ’
935 1332 1279 1391 ἀποκτείνειν
1301 1337 1494 1409 χρεων.

269 1419 365 1477 εἶτ’
394 1418 527 1476 αὐτὸ
554 1426 714 1491 δηλοῖ
731 1416 966 1490 τοῦργον
991 1415 1047 1474 οἷ
1066 1426 1267 1475 τείνειν
1290 1422 1483 1491 χρεων.

263 1503 486 1577 Ἑλένην
510 1501 797 1574 φονεύειν·
826 1502 1093 1574 μανθάνω
1121 1503 1180 1559 τὸ
1207 1504 1499 1576 σύμβολον.
1618 1521 1724 1564 1130

268 1596 464 1660 ἔγνως·
492 1586 733 1643 ἄκουσον
759 1585 810 1642 δ’
841 1585 912 1652 ὡς
936 1593 1114 1653 καλῶς
1137 1590 1487 1661 βουλεύομαι.

271 1680 322 1730 εί
341 1673 440 1744 μὲν
466 1672 568 1744 γὰρ
597 1677 671 1735 είς
694 1685 930 1742 γυναῖκα
955 1676 1410 1744 σωφρονεστέραν

273 1762 430 1829 ξίφος
453 1766 745 1828 μεθεῖμεν,
775 1755 1041 1823 δυσκλεὴς
1067 1754 1135 1811 ἂν
1159 1749 1229 1828 ἦν
1254 1757 1424 1828 φόνος
1441 1776 1452 1788 ·

266 1848 374 1898 νῦν
398 1846 430 1896 δ
437 1839 449 1859 ’
479 1839 616 1912 ὑπὲρ
641 1837 847 1910 ἁπάσης
869 1839 1119 1906 Ἑλλάδος
1145 1840 1307 1897 δώσει
1332 1847 1511 1914 δίκην,

271 1918 348 1981 ὦν
373 1928 602 1996 πατέρας
632 1922 838 1994 ἔκτειν’,
857 1918 935 1980 ὦν
962 1923 1013 1979 τ’
1036 1922 1316 1981 ἀπώλεσεν
1339 1929 1520 1997 τέκνα,
1616 1941 1723 1984 1135

269 2009 488 2080 νύμφας
515 2006 553 2065 τ’
584 2015 786 2079 ἔθηκεν
811 2006 1056 2080 ὀρφανὰς
1083 2008 1384 2081 ξυναόρων.

269 2091 570 2165 ὀλολυγμὸς
596 2100 767 2162 ἔσται,
794 2099 905 2165 πῦρ
931 2090 978 2148 τ’
1007 2090 1316 2159 ἀνάψουσιν
1338 2103 1509 2166 θεοῖς,

268 2179 354 2234 σοὶ
378 2178 550 2233 πολλὰ
575 2174 736 2247 κάμοὶ
759 2173 912 2232 κέδν’
944 2174 1217 2249 ἀρυόμενοι
1240 2192 1442 2250 τυχεῖν,

270 2268 438 2333 κακῆς
463 2259 724 2333 γυναικὸς
748 2258 932 2332 οὕνεχ’
962 2258 1076 2332 αἷμ’
1107 2262 1428 2334 ἐπράξαμεν.

270 2343 295 2401 ὁ
322 2346 699 2418 μητροφόντης
724 2343 776 2401 δ’
805 2343 871 2400 οὐ
896 2353 1054 2401 καλεῖ
1072 2346 1278 2417 ταύτην
1303 2345 1538 2417 κτανών,
1610 2361 1720 2403 1140

268 2427 387 2485 ἀλλ’
415 2428 698 2487 ἀπολιπών
723 2427 872 2485 τοῦτ’
902 2432 989 2485 ἐπὶ
1011 2429 1070 2485 τὸ
1097 2432 1313 2501 βέλτιον
1337 2443 1506 2501 πεσεῖ,

260 2511 473 2584 Ἑλένης
498 2515 788 2586 λεγόμενος
814 2519 907 2585 τῆς
933 2513 1277 2570 πολυκτόνου
1303 2514 1525 2586 φονεύς.

266 2594 332 2652 οὐ
358 2603 447 2653 δεῖ
465 2596 585 2654 ποτ’
614 2595 679 2654 οὐ
706 2602 792 2653 δεῖ
814 2600 1115 2653 Μενέλεων
1138 2599 1239 2669 μὲν
1264 2596 1530 2670 εὐτυχεῖν,

265 2680 362 2737 τὸν
387 2679 486 2737 σόν
511 2683 572 2738 δὲ
596 2685 799 2753 πατέρα
825 2683 916 2736 καὶ
939 2682 998 2737 σὲ
1023 2679 1309 2754 κάδελφὴν
1333 2692 1548 2754 θανεῖν,

254 2860 427 2918 μητέρα
457 2858 516 2917 τ’,
550 2857 609 2905 ἕιδ
639 2859 781 2918 τοῦτ’,
818 2859 872 2906 οὗ
899 2859 983 2919 γὰρ
1013 2860 1237 2919 εὐπρεπὲς
1269 2863 1427 2921 λέγειν,
1608 2869 1717 2911 1145
