2018 3117
265 128 368 178 400

881 125 1262 170 ΦΟΙΝΙΣΣΑΙ

452 267 732 325 Ἐτεοκλέα
756 265 984 336 κλεινήν
1008 287 1066 320 τε
1089 271 1472 332 Πολυνείκους
1496 274 1643 339 βίαν,

459 354 624 423 κόρας
647 350 706 406 δὲ
731 350 921 414 δισσάς
936 369 946 378 ·
982 347 1084 421 τὴν
1107 350 1208 420 μὲν
1229 347 1481 422 Ἰσμήνην
1502 353 1677 424 πατὴρ

462 436 740 507 ὠνόμασε,
769 433 871 506 τὴν
899 434 960 490 δὲ
984 435 1235 506 πρόσθεν
1254 432 1577 506 Ἀντιγόνην
1601 438 1720 508 ἐγώ.

461 520 662 594 μαθῶν
686 519 747 575 δὲ
771 517 913 591 τάμὰ
937 522 1136 589 λέκτρα
1165 520 1435 593 μητρῴων
1458 521 1649 592 γάμων

461 606 489 663 ὁ
516 602 675 663 πάντ’
702 602 937 669 ἀνατλὰς
965 609 1234 669 Οἰδίπους
1260 605 1557 676 παθήματα
1876 621 1930 664 60

461 698 536 757 εἰς
561 687 770 762 ὄμμαθ’
801 687 976 746 αὑτοῦ
1002 688 1190 745 δεινὸν
1216 690 1472 760 ἐμβάλλει
1501 690 1695 762 φόνον,

459 775 820 849 χρυσηλάτοις
845 775 1145 846 πόρπαισιν
1170 775 1396 846 αἴμάξας
1419 775 1600 846 κόρας.

461 863 579 918 ἐπεὶ
605 861 666 917 δὲ
690 863 901 916 τέκνων
929 861 1093 930 γένυς
1118 862 1265 931 ἐμῶν
1291 860 1581 930 σκιάζεται,

458 946 730 1020 κλῄθροις
765 951 1015 1018 ἔκρυψαν
1040 942 1251 1016 πατέρ’,
1279 943 1352 1000 ἵν’
1383 943 1648 1016 ἀμνήμων
1673 944 1806 1016 τύχη

460 1034 673 1104 γένοιτο
702 1037 922 1086 πολλῶν
946 1032 1176 1101 δεομένη
1204 1030 1574 1101 σοφισμάτων.
1876 1042 1930 1086 65

463 1123 570 1185 ζῶν
597 1112 648 1171 δ’
685 1116 795 1171 ἔστ’
828 1119 887 1170 ἐν
913 1123 1095 1179 οἴκοις,
1140 1113 1276 1186 πρὸς
1301 1115 1361 1170 δὲ
1386 1121 1478 1186 τῆς
1504 1115 1668 1185 τύχης
1694 1119 1876 1170 νοσῶν

462 1199 595 1273 ἄρας
621 1197 816 1269 ἀρᾶται
844 1201 1035 1255 παισὶν
1063 1196 1449 1269 ἀνοσιωτάτας,

460 1291 651 1360 θηκτῷ
678 1284 887 1359 σιδήρῳ
913 1289 1069 1356 δῶμα
1094 1289 1375 1356 διαλαχεῖν
1400 1284 1543 1340 τόδε.

460 1370 533 1426 τῶ
561 1368 613 1426 δ’
650 1375 725 1435 είς
751 1370 929 1441 φόβον
954 1369 1196 1437 πεσόντε,
1214 1369 1285 1441 μὴ
1313 1369 1680 1441 τελεσφόρους

463 1454 624 1526 εὐχὰς
648 1457 772 1511 θεοὶ
798 1461 1102 1525 κραίνωσιν
1128 1456 1437 1512 οἰκούντων
1461 1452 1620 1526 ὁμοῦ,
1877 1467 1931 1510 70

460 1537 723 1612 ξυμβάντ’
758 1542 951 1606 ἔταξαν
980 1539 1078 1596 τὸν
1101 1540 1375 1612 νεώτερον
1399 1540 1570 1612 πάρος

464 1627 697 1698 φεύγειν
721 1625 917 1681 ἑκόντα
940 1626 1106 1697 τήνδε
1132 1632 1486 1696 Πολυνείκην
1508 1623 1704 1695 χθόνα,

458 1710 737 1767 Ἐτεοκλέα
763 1715 795 1765 δ
801 1711 824 1765 ὲ
848 1708 1080 1781 σκῆπτρ’
1111 1717 1254 1781 ἔχειν
1278 1712 1513 1781 μένοντα
1538 1714 1636 1780 γῆς

463 1795 722 1852 ἐνιαυτὸν
746 1793 1090 1851 άλλάσσοντ’.
1119 1798 1236 1851 ἐπεὶ
1262 1793 1313 1850 δ’
1345 1797 1431 1851 ἐπὶ
1459 1801 1640 1864 ζυγοῖς

460 1877 706 1949 καθέζετ’
738 1877 931 1951 ἀρχῆς,
959 1878 1026 1935 οὐ
1052 1887 1378 1952 μεθίσταται
1403 1878 1648 1949 θρόνων,
1876 1889 1929 1934 75

462 1967 688 2036 φυγάδα
715 1963 768 2020 δ’
798 1963 1018 2021 ἀπωθεῖ
1041 1971 1206 2036 τῆσδε
1228 1971 1583 2035 Πολυνείκην
1608 1961 1827 2034 χθονός.

462 2051 492 2106 ὃ
519 2048 785 2121 δ”Ἀργος
809 2050 1019 2120 ἐλθών,
1052 2056 1217 2122 κῆδος
1236 2049 1536 2121 Ἀδράστου
1561 2046 1764 2119 λαβών,

462 2134 672 2205 πολλὴν
697 2131 964 2203 ἀθροίσας
991 2133 1178 2191 ἀσπίδ’
1204 2134 1468 2207 ’Λργείων
1493 2131 1638 2205 ἄγει·

463 2216 548 2274 ἐπ’
579 2216 719 2275 αὐτα
746 2216 797 2273 δ’
831 2218 1015 2275 ἐλθών
1041 2220 1324 2275 ἑπτάπυλα
1347 2226 1494 2289 τείχη
1520 2218 1666 2287 τάδε,

463 2302 672 2378 πατρῷ’
707 2300 929 2359 ἀπαιτεῖ
948 2310 1195 2377 σκῆπτρα
1218 2307 1309 2360 καὶ
1334 2307 1471 2375 μέρη
1496 2302 1716 2374 χθονός.
1874 2314 1930 2357 80

458 2387 563 2459 ε’γῶ
603 2388 653 2445 δ’
696 2395 814 2461 ἔριν
852 2390 1049 2445 λύουσ’
1076 2386 1435 2445 ὑπόσπονδον
1458 2395 1648 2459 μολεῖν

463 2479 652 2530 ἔπεισα
676 2474 832 2530 παιδὶ
857 2478 1026 2529 παῖδα
1063 2475 1196 2545 πρὶν
1219 2480 1429 2540 ψαῦσαι
1456 2473 1635 2545 δορός.

460 2554 613 2624 ἥξειν
639 2555 693 2614 δ’
724 2556 751 2613 ὁ
779 2564 1056 2629 πεμφθείς
1083 2578 1254 2630 φησιν
1279 2557 1451 2615 αὐτὸν
1476 2556 1724 2629 ἅγγελος.

463 2639 584 2696 ἀλλ’
616 2636 661 2699 ῶ
686 2642 928 2714 φαεννὰς
953 2641 1199 2713 οὐρανοῦ
1222 2650 1398 2700 ναίων
1425 2643 1632 2714 πτυχᾶς

460 2732 598 2796 Ζεῦ,
627 2733 809 2783 σῶσον
836 2725 1001 2799 ἡμᾶς,
1030 2728 1125 2794 δὸς
1151 2729 1212 2785 δὲ
1235 2729 1512 2800 σύμβασιν
1538 2729 1764 2791 τέκνοις.
1872 2737 1926 2779 85

460 2810 562 2882 χρὴ
590 2809 662 2881 δ’,
696 2819 747 2867 εἰ
769 2812 939 2883 σοφὸς
965 2815 1242 2884 πέφυκας,
1270 2811 1373 2869 οὐκ
1401 2817 1497 2870 ε’ᾶν
1522 2809 1725 2885 βροτὸν

460 2894 557 2951 τὸν
582 2894 753 2952 αὐτὸν
777 2895 860 2952 ἀεὶ
887 2902 1128 2969 δυστυχῆ
1153 2897 1506 2955 καθεστάναι.
