<?xml version="1.0" encoding="UTF-8"?>
<!DOCTYPE html PUBLIC "-//W3C//DTD XHTML 1.0 Transitional//EN"
    "http://www.w3.org/TR/xhtml1/DTD/xhtml1-transitional.dtd">
<html xmlns="http://www.w3.org/1999/xhtml" xml:lang="en" lang="en">
 <head>
  <title>
</title>
<meta http-equiv="Content-Type" content="text/html;charset=utf-8" />
  <meta name='ocr-system' content='tesseract 3.04.00' />
  <meta name='ocr-capabilities' content='ocr_page ocr_carea ocr_par ocr_line ocrx_word'/>
</head>
<body>
  <div class='ocr_page' id='page_1' title='image "./euripidistragoe02euriuoft_0299.png"; bbox 0 0 2018 3117; ppageno 0'>
   <div class='ocr_carea' id='block_1_1' title="bbox 735 103 1719 154">
    <p class='ocr_par' dir='ltr' id='par_1_1' title="bbox 735 103 1719 154">
     <span class='ocr_line' id='line_1_1' title="bbox 735 103 1719 154; baseline 0.003 -3"><span class='ocrx_word' id='word_1_1' title='bbox 735 104 1048 152; x_wconf 86' lang='grc' dir='ltr'><em>ΟΡΕΣΤΗΣ</em></span> <span class='ocrx_word' id='word_1_2' title='bbox 1614 103 1719 154; x_wconf 78' lang='grc'><em>249</em></span> 
     </span>
    </p>
   </div>
   <div class='ocr_carea' id='block_1_2' title="bbox 234 241 1730 2937">
    <p class='ocr_par' dir='ltr' id='par_1_2' title="bbox 256 241 1514 318">
     <span class='ocr_line' id='line_1_2' title="bbox 256 241 1514 318; baseline -0.001 -16"><span class='ocrx_word' id='word_1_3' title='bbox 256 244 610 318; x_wconf 77' lang='grc' dir='ltr'><em>Χρυσόθεμις</em></span> <span class='ocrx_word' id='word_1_4' title='bbox 633 242 925 316; x_wconf 79' lang='grc' dir='ltr'><em>Ιφιγένειά</em></span> <span class='ocrx_word' id='word_1_5' title='bbox 946 242 995 300; x_wconf 88' lang='grc' dir='ltr'><em>τ’</em></span> <span class='ocrx_word' id='word_1_6' title='bbox 1023 243 1287 317; x_wconf 77' lang='grc' dir='ltr'><strong><em>Ἠλέκτρα</em></strong></span> <span class='ocrx_word' id='word_1_7' title='bbox 1310 241 1360 300; x_wconf 88' lang='grc' dir='ltr'><em>τ’</em></span> <span class='ocrx_word' id='word_1_8' title='bbox 1389 244 1514 317; x_wconf 72' lang='grc' dir='ltr'><em>ἐγώ,</em></span> 
     </span>
    </p>

    <p class='ocr_par' dir='ltr' id='par_1_3' title="bbox 254 327 1446 431">
     <span class='ocr_line' id='line_1_3' title="bbox 254 327 1446 431; baseline 0.001 -47"><span class='ocrx_word' id='word_1_9' title='bbox 254 347 430 430; x_wconf 82' lang='grc' dir='ltr'><em>αρσην</em></span> <span class='ocrx_word' id='word_1_10' title='bbox 447 327 501 384; x_wconf 87' lang='grc' dir='ltr'><em>δ’</em></span> <span class='ocrx_word' id='word_1_11' title='bbox 529 327 808 402; x_wconf 50' lang='grc' dir='ltr'><em>ΗΟρεστης,</em></span> <span class='ocrx_word' id='word_1_12' title='bbox 837 327 1038 401; x_wconf 83' lang='grc' dir='ltr'><em>μητρὸς</em></span> <span class='ocrx_word' id='word_1_13' title='bbox 1063 327 1446 431; x_wconf 75' lang='grc' dir='ltr'><em>ἀνοσιωτάτης,</em></span> 
     </span>
    </p>

    <p class='ocr_par' dir='ltr' id='par_1_4' title="bbox 260 411 1721 569">
     <span class='ocr_line' id='line_1_4' title="bbox 260 411 1721 488; baseline 0.001 -18"><span class='ocrx_word' id='word_1_14' title='bbox 260 411 293 485; x_wconf 85' lang='grc' dir='ltr'><em>ἢ</em></span> <span class='ocrx_word' id='word_1_15' title='bbox 320 414 483 470; x_wconf 89' lang='grc' dir='ltr'><em>πόσιν</em></span> <span class='ocrx_word' id='word_1_16' title='bbox 509 411 718 488; x_wconf 77' lang='grc' dir='ltr'><em>ἇπειρςο</em></span> <span class='ocrx_word' id='word_1_17' title='bbox 744 411 1098 485; x_wconf 84' lang='grc' dir='ltr'><em>περιβαλοῦσ’</em></span> <span class='ocrx_word' id='word_1_18' title='bbox 1128 411 1410 485; x_wconf 77' lang='grc' dir='ltr'><em>ὑφάσματι</em></span> <span class='ocrx_word' id='word_1_19' title='bbox 1664 430 1721 472; x_wconf 85' lang='lat'><em>25</em></span> 
     </span>
     <span class='ocr_line' id='line_1_5' title="bbox 260 495 1421 572; baseline 0 -18"><span class='ocrx_word' id='word_1_20' title='bbox 260 505 525 554; x_wconf 83' lang='grc' dir='ltr'><em>ε’κτεινεν·</em></span> <span class='ocrx_word' id='word_1_21' title='bbox 555 522 634 553; x_wconf 91' lang='grc' dir='ltr'><em>ων</em></span> <span class='ocrx_word' id='word_1_22' title='bbox 662 495 716 553; x_wconf 84' lang='grc' dir='ltr'><em>δ’</em></span> <span class='ocrx_word' id='word_1_23' title='bbox 745 500 922 567; x_wconf 82' lang='grc' dir='ltr'><em>ἕκατι,</em></span> <span class='ocrx_word' id='word_1_24' title='bbox 950 499 1214 572; x_wconf 77' lang='grc' dir='ltr'><em>παρθένῳ</em></span> <span class='ocrx_word' id='word_1_25' title='bbox 1239 501 1421 569; x_wconf 84' lang='grc' dir='ltr'><em>λέγειν</em></span> 
     </span>
    </p>

    <p class='ocr_par' dir='ltr' id='par_1_5' title="bbox 260 579 1603 739">
     <span class='ocr_line' id='line_1_6' title="bbox 260 579 1603 657; baseline 0.001 -19"><span class='ocrx_word' id='word_1_26' title='bbox 260 580 327 638; x_wconf 81' lang='grc' dir='ltr'><em>οῦ</em></span> <span class='ocrx_word' id='word_1_27' title='bbox 353 583 547 639; x_wconf 85' lang='grc' dir='ltr'><em>καλόν·</em></span> <span class='ocrx_word' id='word_1_28' title='bbox 576 586 646 638; x_wconf 78' lang='grc' dir='ltr'><em>ἐῶ</em></span> <span class='ocrx_word' id='word_1_29' title='bbox 671 579 821 637; x_wconf 88' lang='grc' dir='ltr'><em>τοῦτ’</em></span> <span class='ocrx_word' id='word_1_30' title='bbox 851 579 1057 652; x_wconf 77' lang='grc' dir='ltr'><em>ἆσαφες</em></span> <span class='ocrx_word' id='word_1_31' title='bbox 1083 586 1143 637; x_wconf 86' lang='grc' dir='ltr'><em>ἐν</em></span> <span class='ocrx_word' id='word_1_32' title='bbox 1167 589 1332 657; x_wconf 77' lang='grc' dir='ltr'><em>κοινῷ</em></span> <span class='ocrx_word' id='word_1_33' title='bbox 1359 598 1603 641; x_wconf 88' lang='grc' dir='ltr'><em>σκοπεῖν.</em></span> 
     </span>
     <span class='ocr_line' id='line_1_7' title="bbox 260 664 1492 739; baseline 0.002 -17"><span class='ocrx_word' id='word_1_34' title='bbox 260 673 471 738; x_wconf 87' lang='grc' dir='ltr'>Φοίβου</span> <span class='ocrx_word' id='word_1_35' title='bbox 497 665 549 722; x_wconf 85' lang='grc' dir='ltr'><em>δ’</em></span> <span class='ocrx_word' id='word_1_36' title='bbox 578 664 801 722; x_wconf 76' lang='grc' dir='ltr'><em>ἀδικίαν</em></span> <span class='ocrx_word' id='word_1_37' title='bbox 824 666 925 737; x_wconf 76' lang='grc' dir='ltr'><em>μὲν</em></span> <span class='ocrx_word' id='word_1_38' title='bbox 951 673 1009 721; x_wconf 90' lang='grc' dir='ltr'><em>τί</em></span> <span class='ocrx_word' id='word_1_39' title='bbox 1030 671 1120 722; x_wconf 92' lang='grc' dir='ltr'><em>δεῖ</em></span> <span class='ocrx_word' id='word_1_40' title='bbox 1138 682 1492 739; x_wconf 82' lang='grc' dir='ltr'><em>κατηγορεῖν;</em></span> 
     </span>
    </p>

    <p class='ocr_par' dir='ltr' id='par_1_6' title="bbox 258 748 1724 997">
     <span class='ocr_line' id='line_1_8' title="bbox 258 748 1470 823; baseline 0 -15"><span class='ocrx_word' id='word_1_41' title='bbox 258 758 444 809; x_wconf 80' lang='grc' dir='ltr'><em>πείθει</em></span> <span class='ocrx_word' id='word_1_42' title='bbox 469 749 522 807; x_wconf 85' lang='grc' dir='ltr'><em>δ’</em></span> <span class='ocrx_word' id='word_1_43' title='bbox 545 749 802 822; x_wconf 86' lang='grc' dir='ltr'><em>Ὀρέστην</em></span> <span class='ocrx_word' id='word_1_44' title='bbox 825 748 1013 823; x_wconf 81' lang='grc' dir='ltr'><em>μητέρ’</em></span> <span class='ocrx_word' id='word_1_45' title='bbox 1041 748 1076 822; x_wconf 82' lang='grc' dir='ltr'>ἤ</span> <span class='ocrx_word' id='word_1_46' title='bbox 1101 749 1198 821; x_wconf 83' lang='grc' dir='ltr'><em>σφ’</em></span> <span class='ocrx_word' id='word_1_47' title='bbox 1227 755 1470 822; x_wconf 85' lang='grc' dir='ltr'><em>ἐγείνατο</em></span> 
     </span>
     <span class='ocr_line' id='line_1_9' title="bbox 260 833 1724 908; baseline 0.003 -17"><span class='ocrx_word' id='word_1_48' title='bbox 260 850 493 906; x_wconf 86' lang='grc' dir='ltr'><em>κτεῖναι,</em></span> <span class='ocrx_word' id='word_1_49' title='bbox 520 834 656 907; x_wconf 83' lang='grc' dir='ltr'><em>πρὸς</em></span> <span class='ocrx_word' id='word_1_50' title='bbox 686 833 786 906; x_wconf 78' lang='grc' dir='ltr'><em>οὐχ</em></span> <span class='ocrx_word' id='word_1_51' title='bbox 812 833 1055 900; x_wconf 80' lang='grc' dir='ltr'><em>ἅπαντας</em></span> <span class='ocrx_word' id='word_1_52' title='bbox 1081 833 1337 891; x_wconf 85' lang='grc' dir='ltr'><em>εῦκλειαν</em></span> <span class='ocrx_word' id='word_1_53' title='bbox 1363 840 1551 908; x_wconf 82' lang='grc' dir='ltr'><em>φέρον.</em></span> <span class='ocrx_word' id='word_1_54' title='bbox 1665 853 1724 895; x_wconf 83' lang='grc'><em>30</em></span> 
     </span>
     <span class='ocr_line' id='line_1_10' title="bbox 262 917 1428 997; baseline 0 -21"><span class='ocrx_word' id='word_1_55' title='bbox 262 918 407 992; x_wconf 77' lang='grc' dir='ltr'><em>ὅμως</em></span> <span class='ocrx_word' id='word_1_56' title='bbox 432 925 465 976; x_wconf 93' lang='grc' dir='ltr'><em>δ</em></span> <span class='ocrx_word' id='word_1_57' title='bbox 471 918 484 938; x_wconf 86' lang='lat'>&#39;</span> <span class='ocrx_word' id='word_1_58' title='bbox 520 917 795 976; x_wconf 75' lang='grc' dir='ltr'><em>ἀπέκτειν’</em></span> <span class='ocrx_word' id='word_1_59' title='bbox 826 918 929 976; x_wconf 84' lang='grc' dir='ltr'><em>οῦκ</em></span> <span class='ocrx_word' id='word_1_60' title='bbox 955 917 1261 991; x_wconf 77' lang='grc' dir='ltr'><em>ἀπειθήσας</em></span> <span class='ocrx_word' id='word_1_61' title='bbox 1283 927 1428 997; x_wconf 75' lang='grc' dir='ltr'><em>θεῷ·</em></span> 
     </span>
    </p>

    <p class='ocr_par' dir='ltr' id='par_1_7' title="bbox 234 1000 1540 1249">
     <span class='ocr_line' id='line_1_11' title="bbox 260 1000 1395 1077; baseline 0 -17"><span class='ocrx_word' id='word_1_62' title='bbox 260 1003 409 1077; x_wconf 78' lang='grc' dir='ltr'><em>κᾶγω</em></span> <span class='ocrx_word' id='word_1_63' title='bbox 435 1007 722 1076; x_wconf 74' lang='grc' dir='ltr'><em>μετέσχον,</em></span> <span class='ocrx_word' id='word_1_64' title='bbox 749 1000 836 1059; x_wconf 86' lang='grc' dir='ltr'><em>οἷα</em></span> <span class='ocrx_word' id='word_1_65' title='bbox 862 1003 928 1076; x_wconf 85' lang='grc' dir='ltr'><em>δὴ</em></span> <span class='ocrx_word' id='word_1_66' title='bbox 953 1005 1123 1076; x_wconf 87' lang='grc' dir='ltr'><em>γυνή,</em></span> <span class='ocrx_word' id='word_1_67' title='bbox 1151 1005 1330 1076; x_wconf 88' lang='grc' dir='ltr'><em>φόνου</em></span> <span class='ocrx_word' id='word_1_68' title='bbox 1384 1014 1395 1023; x_wconf 81' lang='grc'><strong><em>’</em></strong></span> 
     </span>
     <span class='ocr_line' id='line_1_12' title="bbox 234 1087 1540 1161; baseline 0.002 -16"><span class='ocrx_word' id='word_1_69' title='bbox 234 1089 521 1161; x_wconf 62' lang='grc' dir='ltr'><em>’Πυλάδης</em></span> <span class='ocrx_word' id='word_1_70' title='bbox 546 1088 607 1145; x_wconf 80' lang='grc' dir='ltr'><em>θ’</em></span> <span class='ocrx_word' id='word_1_71' title='bbox 638 1087 698 1155; x_wconf 77' lang='grc' dir='ltr'><em>ὃς</em></span> <span class='ocrx_word' id='word_1_72' title='bbox 721 1087 852 1161; x_wconf 81' lang='grc' dir='ltr'><em>ἡμῖν</em></span> <span class='ocrx_word' id='word_1_73' title='bbox 877 1096 1370 1161; x_wconf 78' lang='grc' dir='ltr'><em>συγκατείργασται</em></span> <span class='ocrx_word' id='word_1_74' title='bbox 1394 1088 1540 1147; x_wconf 75' lang='grc' dir='ltr'><em>τάδε.</em></span> 
     </span>
     <span class='ocr_line' id='line_1_13' title="bbox 263 1172 1384 1249; baseline 0.001 -19"><span class='ocrx_word' id='word_1_75' title='bbox 263 1177 530 1231; x_wconf 84' lang='grc' dir='ltr'><em>ἐντεῦθεν</em></span> <span class='ocrx_word' id='word_1_76' title='bbox 556 1172 721 1248; x_wconf 78' lang='grc' dir='ltr'><em>ἀγρία</em></span> <span class='ocrx_word' id='word_1_77' title='bbox 746 1176 1034 1240; x_wconf 80' lang='grc' dir='ltr'><em>συντακεὶς</em></span> <span class='ocrx_word' id='word_1_78' title='bbox 1058 1174 1201 1249; x_wconf 78' lang='grc' dir='ltr'><em>νόσω</em></span> <span class='ocrx_word' id='word_1_79' title='bbox 1226 1188 1384 1231; x_wconf 83' lang='grc' dir='ltr'><em>νοσεῖ</em></span> 
     </span>
    </p>

    <p class='ocr_par' dir='ltr' id='par_1_8' title="bbox 262 1255 1724 1585">
     <span class='ocr_line' id='line_1_14' title="bbox 263 1255 1724 1331; baseline 0.002 -17"><span class='ocrx_word' id='word_1_80' title='bbox 263 1259 481 1331; x_wconf 86' lang='grc' dir='ltr'><em>τλήμων</em></span> <span class='ocrx_word' id='word_1_81' title='bbox 504 1256 755 1331; x_wconf 85' lang='grc' dir='ltr'><em>Ὀρέστης</em></span> <span class='ocrx_word' id='word_1_82' title='bbox 780 1255 875 1315; x_wconf 77' lang='grc' dir='ltr'><em>ὅδε</em></span> <span class='ocrx_word' id='word_1_83' title='bbox 903 1258 1087 1314; x_wconf 77' lang='grc' dir='ltr'><em>πεσών</em></span> <span class='ocrx_word' id='word_1_84' title='bbox 1110 1257 1158 1314; x_wconf 83' lang='grc' dir='ltr'><em>τ’</em></span> <span class='ocrx_word' id='word_1_85' title='bbox 1192 1262 1252 1315; x_wconf 85' lang='grc' dir='ltr'><em>ἐν</em></span> <span class='ocrx_word' id='word_1_86' title='bbox 1275 1265 1518 1331; x_wconf 85' lang='grc' dir='ltr'><em>δεμνίοις</em></span> <span class='ocrx_word' id='word_1_87' title='bbox 1669 1275 1724 1318; x_wconf 75' lang='lat'><em>35</em></span> 
     </span>
     <span class='ocr_line' id='line_1_15' title="bbox 264 1340 1478 1416; baseline 0.001 -17"><span class='ocrx_word' id='word_1_88' title='bbox 264 1357 436 1399; x_wconf 85' lang='grc' dir='ltr'><em>κεῖται</em></span> <span class='ocrx_word' id='word_1_89' title='bbox 453 1388 466 1413; x_wconf 92' lang='grc'><em>,</em></span> <span class='ocrx_word' id='word_1_90' title='bbox 494 1342 553 1400; x_wconf 83' lang='grc' dir='ltr'><em>τὸ</em></span> <span class='ocrx_word' id='word_1_91' title='bbox 580 1341 782 1416; x_wconf 84' lang='grc' dir='ltr'><em>μητρὸς</em></span> <span class='ocrx_word' id='word_1_92' title='bbox 807 1340 859 1398; x_wconf 83' lang='grc' dir='ltr'><em>δ’</em></span> <span class='ocrx_word' id='word_1_93' title='bbox 888 1340 1020 1414; x_wconf 78' lang='grc' dir='ltr'><em>αἷμα</em></span> <span class='ocrx_word' id='word_1_94' title='bbox 1041 1367 1134 1399; x_wconf 90' lang='grc' dir='ltr'><em>νιν</em></span> <span class='ocrx_word' id='word_1_95' title='bbox 1156 1352 1478 1416; x_wconf 76' lang='grc' dir='ltr'><em>τροχηλατεῖ</em></span> 
     </span>
     <span class='ocr_line' id='line_1_16' title="bbox 263 1425 1464 1501; baseline 0.002 -18.003"><span class='ocrx_word' id='word_1_96' title='bbox 263 1435 573 1487; x_wconf 73' lang='grc' dir='ltr'><em>μανίαισιν·</em></span> <span class='ocrx_word' id='word_1_97' title='bbox 602 1425 889 1499; x_wconf 79' lang='grc' dir='ltr'><em>ὀνομάζειν</em></span> <span class='ocrx_word' id='word_1_98' title='bbox 914 1452 1017 1501; x_wconf 85' lang='grc' dir='ltr'><em>γαρ</em></span> <span class='ocrx_word' id='word_1_99' title='bbox 1044 1433 1304 1500; x_wconf 82' lang='grc' dir='ltr'><em>αἰδοῦμαι</em></span> <span class='ocrx_word' id='word_1_100' title='bbox 1328 1428 1464 1494; x_wconf 90' lang='grc' dir='ltr'><em>θεας</em></span> 
     </span>
     <span class='ocr_line' id='line_1_17' title="bbox 262 1509 1499 1588; baseline 0.002 -20"><span class='ocrx_word' id='word_1_101' title='bbox 262 1510 606 1584; x_wconf 78' lang='grc' dir='ltr'><em>Εὐμενίδας,</em></span> <span class='ocrx_word' id='word_1_102' title='bbox 636 1520 697 1568; x_wconf 88' lang='grc' dir='ltr'><em>αι</em></span> <span class='ocrx_word' id='word_1_103' title='bbox 717 1509 875 1569; x_wconf 82' lang='grc' dir='ltr'><em>τόνδ’</em></span> <span class='ocrx_word' id='word_1_104' title='bbox 905 1516 1297 1584; x_wconf 74' lang='grc' dir='ltr'><em>ἐξαμιλλῶνται</em></span> <span class='ocrx_word' id='word_1_105' title='bbox 1323 1514 1499 1588; x_wconf 87' lang='grc' dir='ltr'><em>φόβω.</em></span> 
     </span>
    </p>

    <p class='ocr_par' dir='ltr' id='par_1_9' title="bbox 266 1590 1415 1669">
     <span class='ocr_line' id='line_1_18' title="bbox 266 1590 1415 1669; baseline 0.002 -17"><span class='ocrx_word' id='word_1_106' title='bbox 266 1599 425 1653; x_wconf 81' lang='grc' dir='ltr'><em>ἕκτον</em></span> <span class='ocrx_word' id='word_1_107' title='bbox 449 1598 510 1653; x_wconf 91' lang='grc' dir='ltr'><em>δε</em></span> <span class='ocrx_word' id='word_1_108' title='bbox 535 1596 603 1668; x_wconf 86' lang='grc' dir='ltr'><em>δὴ</em></span> <span class='ocrx_word' id='word_1_109' title='bbox 634 1595 754 1653; x_wconf 85' lang='grc' dir='ltr'><em>τόδ’</em></span> <span class='ocrx_word' id='word_1_110' title='bbox 781 1590 925 1669; x_wconf 78' lang='grc' dir='ltr'><em>ἦμαρ</em></span> <span class='ocrx_word' id='word_1_111' title='bbox 951 1594 1048 1664; x_wconf 78' lang='grc' dir='ltr'><em>ἐξ</em></span> <span class='ocrx_word' id='word_1_112' title='bbox 1028 1595 1159 1654; x_wconf 89' lang='grc' dir='ltr'><em>ότου</em></span> <span class='ocrx_word' id='word_1_113' title='bbox 1178 1611 1415 1669; x_wconf 76' lang='grc' dir='ltr'><em>σφαγαῖς</em></span> 
     </span>
    </p>

    <p class='ocr_par' dir='ltr' id='par_1_10' title="bbox 264 1680 1728 1839">
     <span class='ocr_line' id='line_1_19' title="bbox 266 1680 1728 1754; baseline 0.003 -18"><span class='ocrx_word' id='word_1_114' title='bbox 266 1688 518 1738; x_wconf 85' lang='grc' dir='ltr'><em>θανοῦσα</em></span> <span class='ocrx_word' id='word_1_115' title='bbox 540 1705 716 1753; x_wconf 91' lang='grc' dir='ltr'><em>μητηρ</em></span> <span class='ocrx_word' id='word_1_116' title='bbox 744 1683 881 1753; x_wconf 90' lang='grc' dir='ltr'><em>πυρι</em></span> <span class='ocrx_word' id='word_1_117' title='bbox 909 1680 1276 1753; x_wconf 85' lang='grc' dir='ltr'><em>καθήγνισται</em></span> <span class='ocrx_word' id='word_1_118' title='bbox 1303 1685 1483 1754; x_wconf 85' lang='grc' dir='ltr'><em>δέμας,</em></span> <span class='ocrx_word' id='word_1_119' title='bbox 1667 1697 1728 1740; x_wconf 80' lang='lat'><em>40</em></span> 
     </span>
     <span class='ocr_line' id='line_1_20' title="bbox 264 1758 1213 1839; baseline 0.001 -18"><span class='ocrx_word' id='word_1_120' title='bbox 264 1758 343 1821; x_wconf 63' lang='grc' dir='ltr'><em>ὧν</em></span> <span class='ocrx_word' id='word_1_121' title='bbox 368 1764 496 1822; x_wconf 84' lang='grc' dir='ltr'><em>οῦτε</em></span> <span class='ocrx_word' id='word_1_122' title='bbox 526 1780 647 1823; x_wconf 91' lang='grc' dir='ltr'><em>σῖτα</em></span> <span class='ocrx_word' id='word_1_123' title='bbox 677 1765 769 1822; x_wconf 79' lang='grc' dir='ltr'><em>δια</em></span> <span class='ocrx_word' id='word_1_124' title='bbox 795 1768 956 1839; x_wconf 89' lang='grc' dir='ltr'><em>δέρης</em></span> <span class='ocrx_word' id='word_1_125' title='bbox 979 1769 1213 1835; x_wconf 81' lang='grc' dir='ltr'><em>ἐδέξατο,</em></span> 
     </span>
    </p>

    <p class='ocr_par' dir='ltr' id='par_1_11' title="bbox 265 1848 1576 2093">
     <span class='ocr_line' id='line_1_21' title="bbox 266 1848 1506 1924; baseline 0.002 -18"><span class='ocrx_word' id='word_1_126' title='bbox 266 1848 333 1906; x_wconf 84' lang='grc' dir='ltr'><em>οῦ</em></span> <span class='ocrx_word' id='word_1_127' title='bbox 357 1849 546 1924; x_wconf 84' lang='grc' dir='ltr'><em>λούτρ’</em></span> <span class='ocrx_word' id='word_1_128' title='bbox 576 1857 748 1908; x_wconf 83' lang='grc' dir='ltr'><em>ἔδωκε</em></span> <span class='ocrx_word' id='word_1_129' title='bbox 770 1858 964 1923; x_wconf 88' lang='grc' dir='ltr'><em>χρωτί·</em></span> <span class='ocrx_word' id='word_1_130' title='bbox 991 1857 1292 1923; x_wconf 85' lang='grc' dir='ltr'><em>χλανιδίων</em></span> <span class='ocrx_word' id='word_1_131' title='bbox 1317 1849 1371 1907; x_wconf 84' lang='grc' dir='ltr'><em>δ’</em></span> <span class='ocrx_word' id='word_1_132' title='bbox 1401 1858 1506 1908; x_wconf 84' lang='grc' dir='ltr'><em>ἔσω</em></span> 
     </span>
     <span class='ocr_line' id='line_1_22' title="bbox 266 1934 1576 2009; baseline 0.002 -18"><span class='ocrx_word' id='word_1_133' title='bbox 266 1942 573 2007; x_wconf 85' lang='grc' dir='ltr'><em>κρυφθείς,</em></span> <span class='ocrx_word' id='word_1_134' title='bbox 607 1934 740 1992; x_wconf 80' lang='grc' dir='ltr'><em>ὅταν</em></span> <span class='ocrx_word' id='word_1_135' title='bbox 763 1936 865 2007; x_wconf 77' lang='grc' dir='ltr'><em>μὲν</em></span> <span class='ocrx_word' id='word_1_136' title='bbox 889 1942 1044 2008; x_wconf 75' lang='grc' dir='ltr'><em>σῶμα</em></span> <span class='ocrx_word' id='word_1_137' title='bbox 1069 1943 1356 2009; x_wconf 81' lang='grc' dir='ltr'><em>κουφισθῇ</em></span> <span class='ocrx_word' id='word_1_138' title='bbox 1385 1937 1576 2008; x_wconf 86' lang='grc' dir='ltr'><em>νόσου,</em></span> 
     </span>
     <span class='ocr_line' id='line_1_23' title="bbox 265 2019 1417 2093; baseline 0.002 -19"><span class='ocrx_word' id='word_1_139' title='bbox 265 2026 493 2092; x_wconf 81' lang='grc' dir='ltr'><em>ἔμφρων</em></span> <span class='ocrx_word' id='word_1_140' title='bbox 521 2021 778 2093; x_wconf 79' lang='grc' dir='ltr'><em>δακρύει,</em></span> <span class='ocrx_word' id='word_1_141' title='bbox 803 2021 932 2077; x_wconf 78' lang='grc' dir='ltr'><em>ποτὲ</em></span> <span class='ocrx_word' id='word_1_142' title='bbox 957 2022 1018 2077; x_wconf 78' lang='grc' dir='ltr'><em>δὲ</em></span> <span class='ocrx_word' id='word_1_143' title='bbox 1043 2026 1286 2093; x_wconf 72' lang='grc' dir='ltr'><em>δεμνίων</em></span> <span class='ocrx_word' id='word_1_144' title='bbox 1311 2019 1417 2077; x_wconf 71' lang='grc' dir='ltr'><em>ἄπο</em></span> 
     </span>
    </p>

    <p class='ocr_par' dir='ltr' id='par_1_12' title="bbox 266 2103 1730 2266">
     <span class='ocr_line' id='line_1_24' title="bbox 266 2103 1730 2180; baseline 0 -18"><span class='ocrx_word' id='word_1_145' title='bbox 266 2111 415 2180; x_wconf 79' lang='grc' dir='ltr'><em>πηδᾷ</em></span> <span class='ocrx_word' id='word_1_146' title='bbox 441 2112 725 2177; x_wconf 91' lang='grc' dir='ltr'><em>δρομαῖος,</em></span> <span class='ocrx_word' id='word_1_147' title='bbox 751 2111 931 2172; x_wconf 79' lang='grc' dir='ltr'><em>πῶλος</em></span> <span class='ocrx_word' id='word_1_148' title='bbox 964 2103 1036 2172; x_wconf 68' lang='grc' dir='ltr'><em>ὥς</em></span> <span class='ocrx_word' id='word_1_149' title='bbox 1064 2103 1169 2161; x_wconf 78' lang='grc' dir='ltr'><em>ἀπὸ</em></span> <span class='ocrx_word' id='word_1_150' title='bbox 1197 2111 1382 2177; x_wconf 84' lang='grc' dir='ltr'><em>ζυγοῦ.</em></span> <span class='ocrx_word' id='word_1_151' title='bbox 1671 2120 1730 2162; x_wconf 79' lang='lat'><em>45</em></span> 
     </span>
     <span class='ocr_line' id='line_1_25' title="bbox 267 2188 1464 2266; baseline -0.001 -20"><span class='ocrx_word' id='word_1_152' title='bbox 267 2195 416 2259; x_wconf 82' lang='grc' dir='ltr'><em>ἔδοξε</em></span> <span class='ocrx_word' id='word_1_153' title='bbox 440 2188 493 2246; x_wconf 83' lang='grc' dir='ltr'><em>δ’</em></span> <span class='ocrx_word' id='word_1_154' title='bbox 511 2188 701 2262; x_wconf 75' lang='grc' dir='ltr'><em>’Ἀργει</em></span> <span class='ocrx_word' id='word_1_155' title='bbox 726 2195 869 2266; x_wconf 78' lang='grc' dir='ltr'><em>τῷδε</em></span> <span class='ocrx_word' id='word_1_156' title='bbox 893 2189 1030 2262; x_wconf 88' lang='grc' dir='ltr'><em>μήθ’</em></span> <span class='ocrx_word' id='word_1_157' title='bbox 1065 2189 1205 2262; x_wconf 80' lang='grc' dir='ltr'><em>ἡμᾶς</em></span> <span class='ocrx_word' id='word_1_158' title='bbox 1234 2193 1464 2262; x_wconf 87' lang='grc' dir='ltr'><em>στέγαις,</em></span> 
     </span>
    </p>

    <p class='ocr_par' dir='ltr' id='par_1_13' title="bbox 263 2274 1501 2433">
     <span class='ocr_line' id='line_1_26' title="bbox 263 2274 1501 2348; baseline -0.001 -17"><span class='ocrx_word' id='word_1_159' title='bbox 263 2274 337 2346; x_wconf 85' lang='grc' dir='ltr'><em>μὴ</em></span> <span class='ocrx_word' id='word_1_160' title='bbox 363 2277 498 2347; x_wconf 81' lang='grc' dir='ltr'><em>πυρὶ</em></span> <span class='ocrx_word' id='word_1_161' title='bbox 530 2279 814 2347; x_wconf 88' lang='grc' dir='ltr'><em>δέχεσθαι,</em></span> <span class='ocrx_word' id='word_1_162' title='bbox 840 2275 974 2347; x_wconf 88' lang='grc' dir='ltr'><em>μήτε</em></span> <span class='ocrx_word' id='word_1_163' title='bbox 998 2288 1355 2348; x_wconf 89' lang='grc' dir='ltr'><em>προσφωνεῖν</em></span> <span class='ocrx_word' id='word_1_164' title='bbox 1379 2298 1501 2330; x_wconf 90' lang='grc' dir='ltr'><em>τινα</em></span> 
     </span>
     <span class='ocr_line' id='line_1_27' title="bbox 266 2357 1416 2433; baseline -0.001 -18"><span class='ocrx_word' id='word_1_165' title='bbox 266 2368 772 2433; x_wconf 85' lang='grc' dir='ltr'><em>μητροκτονοῦντας</em></span> <span class='ocrx_word' id='word_1_166' title='bbox 791 2379 802 2389; x_wconf 89' lang='grc'><em>·</em></span> <span class='ocrx_word' id='word_1_167' title='bbox 828 2366 995 2432; x_wconf 87' lang='grc' dir='ltr'><em>κυρία</em></span> <span class='ocrx_word' id='word_1_168' title='bbox 1021 2357 1079 2416; x_wconf 90' lang='grc' dir='ltr'><em>δ’</em></span> <span class='ocrx_word' id='word_1_169' title='bbox 1107 2357 1199 2431; x_wconf 82' lang='grc' dir='ltr'><em>ἥδ’</em></span> <span class='ocrx_word' id='word_1_170' title='bbox 1226 2357 1416 2432; x_wconf 79' lang='grc' dir='ltr'><em>ἡμέρα,</em></span> 
     </span>
    </p>

    <p class='ocr_par' dir='ltr' id='par_1_14' title="bbox 268 2436 1303 2518">
     <span class='ocr_line' id='line_1_28' title="bbox 268 2436 1303 2518; baseline 0.001 -20"><span class='ocrx_word' id='word_1_171' title='bbox 268 2446 328 2499; x_wconf 85' lang='grc' dir='ltr'><em>ἐν</em></span> <span class='ocrx_word' id='word_1_172' title='bbox 350 2436 386 2517; x_wconf 80' lang='grc' dir='ltr'><strong><em>ᾖ</em></strong></span> <span class='ocrx_word' id='word_1_173' title='bbox 411 2449 606 2501; x_wconf 85' lang='grc' dir='ltr'><em>διοίσει</em></span> <span class='ocrx_word' id='word_1_174' title='bbox 629 2451 821 2518; x_wconf 80' lang='grc' dir='ltr'><em>ψῆφον</em></span> <span class='ocrx_word' id='word_1_175' title='bbox 844 2443 1107 2516; x_wconf 86' lang='grc' dir='ltr'><em>’Λργείων</em></span> <span class='ocrx_word' id='word_1_176' title='bbox 1132 2444 1303 2513; x_wconf 85' lang='grc' dir='ltr'><em>πόλις,</em></span> 
     </span>
    </p>

    <p class='ocr_par' dir='ltr' id='par_1_15' title="bbox 267 2528 1730 2768">
     <span class='ocr_line' id='line_1_29' title="bbox 270 2528 1730 2602; baseline -0.001 -19"><span class='ocrx_word' id='word_1_177' title='bbox 270 2534 322 2583; x_wconf 82' lang='grc' dir='ltr'><em>εἰ</em></span> <span class='ocrx_word' id='word_1_178' title='bbox 340 2528 442 2600; x_wconf 86' lang='grc' dir='ltr'><em>χρὴ</em></span> <span class='ocrx_word' id='word_1_179' title='bbox 467 2538 668 2586; x_wconf 87' lang='grc' dir='ltr'><em>θανεῖν</em></span> <span class='ocrx_word' id='word_1_180' title='bbox 692 2529 771 2585; x_wconf 65' lang='lat' dir='ltr'><em>vrb</em></span> <span class='ocrx_word' id='word_1_181' title='bbox 798 2535 1042 2602; x_wconf 77' lang='grc' dir='ltr'><em>λευσίμῳ</em></span> <span class='ocrx_word' id='word_1_182' title='bbox 1067 2528 1377 2600; x_wconf 79' lang='grc' dir='ltr'><em>πετρώματι</em></span> <span class='ocrx_word' id='word_1_183' title='bbox 1672 2542 1730 2583; x_wconf 79' lang='lat'><em>50</em></span> 
     </span>
     <span class='ocr_line' id='line_1_30' title="bbox 269 2611 1531 2685; baseline -0.002 -18"><span class='ocrx_word' id='word_1_184' title='bbox 269 2614 329 2685; x_wconf 78' lang='grc' dir='ltr'><em>[ἢ</em></span> <span class='ocrx_word' id='word_1_185' title='bbox 354 2616 642 2682; x_wconf 78' lang='grc' dir='ltr'><em>φάσγανον</em></span> <span class='ocrx_word' id='word_1_186' title='bbox 665 2613 896 2683; x_wconf 81' lang='grc' dir='ltr'><em>θήξαντ’</em></span> <span class='ocrx_word' id='word_1_187' title='bbox 926 2613 1014 2667; x_wconf 80' lang='grc' dir='ltr'><em>ἐπ’</em></span> <span class='ocrx_word' id='word_1_188' title='bbox 1042 2611 1271 2680; x_wconf 79' lang='grc' dir='ltr'><em>αὐχένος</em></span> <span class='ocrx_word' id='word_1_189' title='bbox 1293 2615 1531 2682; x_wconf 85' lang='grc' dir='ltr'><em>βαλεῖν].</em></span> 
     </span>
     <span class='ocr_line' id='line_1_31' title="bbox 267 2692 1528 2768; baseline 0 -17"><span class='ocrx_word' id='word_1_190' title='bbox 267 2699 464 2753; x_wconf 85' lang='grc' dir='ltr'><em>ἐλπίδα</em></span> <span class='ocrx_word' id='word_1_191' title='bbox 492 2697 553 2752; x_wconf 77' lang='grc' dir='ltr'><em>δὲ</em></span> <span class='ocrx_word' id='word_1_192' title='bbox 578 2697 647 2768; x_wconf 88' lang='grc' dir='ltr'><em>δή</em></span> <span class='ocrx_word' id='word_1_193' title='bbox 671 2693 778 2753; x_wconf 89' lang='grc' dir='ltr'><em>τιν’</em></span> <span class='ocrx_word' id='word_1_194' title='bbox 815 2702 1008 2767; x_wconf 83' lang='grc' dir='ltr'><em>ἔχομεν</em></span> <span class='ocrx_word' id='word_1_195' title='bbox 1033 2692 1173 2751; x_wconf 71' lang='grc' dir='ltr'><em>ὥστε</em></span> <span class='ocrx_word' id='word_1_196' title='bbox 1202 2695 1274 2768; x_wconf 81' lang='grc' dir='ltr'><em>μὴ</em></span> <span class='ocrx_word' id='word_1_197' title='bbox 1301 2704 1528 2751; x_wconf 86' lang='grc' dir='ltr'><em>θανεῖν·</em></span> 
     </span>
    </p>

    <p class='ocr_par' dir='ltr' id='par_1_16' title="bbox 266 2777 1452 2853">
     <span class='ocr_line' id='line_1_32' title="bbox 266 2777 1452 2853; baseline -0.001 -17"><span class='ocrx_word' id='word_1_198' title='bbox 266 2778 390 2852; x_wconf 77' lang='grc' dir='ltr'><em>ἥκει</em></span> <span class='ocrx_word' id='word_1_199' title='bbox 414 2779 518 2853; x_wconf 78' lang='grc' dir='ltr'><em>γὰρ</em></span> <span class='ocrx_word' id='word_1_200' title='bbox 546 2786 622 2846; x_wconf 84' lang='grc' dir='ltr'><em>εἰς</em></span> <span class='ocrx_word' id='word_1_201' title='bbox 647 2787 755 2853; x_wconf 84' lang='grc' dir='ltr'><em>γῆν</em></span> <span class='ocrx_word' id='word_1_202' title='bbox 777 2782 1074 2845; x_wconf 83' lang='grc' dir='ltr'><em>Μενέλεως</em></span> <span class='ocrx_word' id='word_1_203' title='bbox 1106 2786 1303 2852; x_wconf 87' lang='grc' dir='ltr'><em>Τροιάς</em></span> <span class='ocrx_word' id='word_1_204' title='bbox 1327 2777 1452 2851; x_wconf 72' lang='grc' dir='ltr'><em>ἄπο,</em></span> 
     </span>
    </p>

    <p class='ocr_par' dir='ltr' id='par_1_17' title="bbox 269 2862 1435 2937">
     <span class='ocr_line' id='line_1_33' title="bbox 269 2862 1435 2937; baseline -0.002 -16"><span class='ocrx_word' id='word_1_205' title='bbox 269 2865 463 2937; x_wconf 88' lang='grc' dir='ltr'><em>λιμένα</em></span> <span class='ocrx_word' id='word_1_206' title='bbox 488 2864 549 2920; x_wconf 72' lang='grc' dir='ltr'><em>δὲ</em></span> <span class='ocrx_word' id='word_1_207' title='bbox 571 2871 920 2921; x_wconf 86' lang='grc' dir='ltr'><em>Ναυπλίειον</em></span> <span class='ocrx_word' id='word_1_208' title='bbox 945 2867 1234 2936; x_wconf 76' lang='grc' dir='ltr'><em>ἐκπληρῶν</em></span> <span class='ocrx_word' id='word_1_209' title='bbox 1259 2862 1435 2936; x_wconf 73' lang='grc' dir='ltr'><em>πλάτῃ</em></span> 
     </span>
    </p>
   </div>
  </div>
 </body>
</html>
