<?xml version="1.0" encoding="UTF-8"?>
<!DOCTYPE html PUBLIC "-//W3C//DTD XHTML 1.0 Transitional//EN"
    "http://www.w3.org/TR/xhtml1/DTD/xhtml1-transitional.dtd">
<html xmlns="http://www.w3.org/1999/xhtml" xml:lang="en" lang="en">
 <head>
  <title>
</title>
<meta http-equiv="Content-Type" content="text/html;charset=utf-8" />
  <meta name='ocr-system' content='tesseract 3.04.00' />
  <meta name='ocr-capabilities' content='ocr_page ocr_carea ocr_par ocr_line ocrx_word'/>
</head>
<body>
  <div class='ocr_page' id='page_1' title='image "./euripidistragoe02euriuoft_0224.png"; bbox 0 0 2018 3117; ppageno 0'>
   <div class='ocr_carea' id='block_1_1' title="bbox 215 116 313 166">
    <p class='ocr_par' dir='ltr' id='par_1_1' title="bbox 215 116 313 166">
     <span class='ocr_line' id='line_1_1' title="bbox 215 116 313 166; baseline -0.01 0"><span class='ocrx_word' id='word_1_1' title='bbox 215 116 313 166; x_wconf 81' lang='lat'><em>174</em></span> 
     </span>
    </p>
   </div>
   <div class='ocr_carea' id='block_1_2' title="bbox 212 773 353 821">
    <p class='ocr_par' dir='ltr' id='par_1_2' title="bbox 212 773 353 821">
     <span class='ocr_line' id='line_1_2' title="bbox 212 773 353 821; baseline -0.007 -1"><span class='ocrx_word' id='word_1_2' title='bbox 212 773 353 821; x_wconf 86' lang='grc' dir='ltr'><em>ΣΕΙ.</em></span> 
     </span>
    </p>
   </div>
   <div class='ocr_carea' id='block_1_3' title="bbox 208 1281 353 1670">
    <p class='ocr_par' dir='ltr' id='par_1_3' title="bbox 208 1281 343 1670">
     <span class='ocr_line' id='line_1_3' title="bbox 212 1281 328 1329; baseline 0 0"><span class='ocrx_word' id='word_1_3' title='bbox 212 1281 328 1329; x_wconf 87' lang='grc' dir='ltr'><em>ΟΔ.</em></span> 
     </span>
     <span class='ocr_line' id='line_1_4' title="bbox 209 1366 353 1414; baseline 0 -1"><span class='ocrx_word' id='word_1_4' title='bbox 209 1366 353 1414; x_wconf 87' lang='grc' dir='ltr'><em>ΣΕΙ.</em></span> 
     </span>
     <span class='ocr_line' id='line_1_5' title="bbox 211 1451 326 1499; baseline 0 0"><span class='ocrx_word' id='word_1_5' title='bbox 211 1451 326 1499; x_wconf 83' lang='grc' dir='ltr'><em>ΟΛ</em></span> 
     </span>
     <span class='ocr_line' id='line_1_6' title="bbox 208 1537 353 1584; baseline 0 0"><span class='ocrx_word' id='word_1_6' title='bbox 208 1537 353 1584; x_wconf 83' lang='grc' dir='ltr'><em>ΣΕΙ.</em></span> 
     </span>
     <span class='ocr_line' id='line_1_7' title="bbox 211 1622 327 1670; baseline -0.017 0"><span class='ocrx_word' id='word_1_7' title='bbox 211 1622 327 1670; x_wconf 87' lang='grc' dir='ltr'><em>ΟΔ.</em></span> 
     </span>
    </p>
   </div>
   <div class='ocr_carea' id='block_1_4' title="bbox 211 2046 322 2095">
    <p class='ocr_par' dir='ltr' id='par_1_4' title="bbox 211 2046 322 2095">
     <span class='ocr_line' id='line_1_8' title="bbox 211 2046 322 2095; baseline 0 -1"><span class='ocrx_word' id='word_1_8' title='bbox 211 2046 322 2095; x_wconf 85' lang='grc' dir='ltr'><em>ΚΤ.</em></span> 
     </span>
    </p>
   </div>
   <div class='ocr_carea' id='block_1_5' title="bbox 213 2810 324 2859">
    <p class='ocr_par' dir='ltr' id='par_1_5' title="bbox 213 2810 324 2859">
     <span class='ocr_line' id='line_1_9' title="bbox 213 2810 324 2859; baseline -0.018 0"><span class='ocrx_word' id='word_1_9' title='bbox 213 2810 324 2859; x_wconf 76' lang='lat' dir='ltr'><em>XO.</em></span> 
     </span>
    </p>
   </div>
   <div class='ocr_carea' id='block_1_6' title="bbox 890 113 1200 160">
    <p class='ocr_par' dir='ltr' id='par_1_6' title="bbox 890 113 1200 160">
     <span class='ocr_line' id='line_1_10' title="bbox 890 113 1200 160; baseline 0.003 -1"><span class='ocrx_word' id='word_1_10' title='bbox 890 113 1131 160; x_wconf 72' lang='grc' dir='ltr'><em>ΚΥΚΛΩ</em></span> <span class='ocrx_word' id='word_1_11' title='bbox 1144 117 1200 160; x_wconf 83' lang='grc' dir='ltr'>Ψ</span> 
     </span>
    </p>
   </div>
   <div class='ocr_carea' id='block_1_7' title="bbox 392 249 1866 2958">
    <p class='ocr_par' dir='ltr' id='par_1_7' title="bbox 400 249 1816 411">
     <span class='ocr_line' id='line_1_11' title="bbox 402 249 1816 327; baseline -0.001 -16"><span class='ocrx_word' id='word_1_12' title='bbox 402 256 503 327; x_wconf 85' lang='grc' dir='ltr'><em>τὴν</em></span> <span class='ocrx_word' id='word_1_13' title='bbox 528 254 819 327; x_wconf 85' lang='grc' dir='ltr'><em>προδότιν,</em></span> <span class='ocrx_word' id='word_1_14' title='bbox 845 249 882 323; x_wconf 79' lang='grc' dir='ltr'><em>ἣ</em></span> <span class='ocrx_word' id='word_1_15' title='bbox 907 251 1034 317; x_wconf 82' lang='grc' dir='ltr'><em>τοὺς</em></span> <span class='ocrx_word' id='word_1_16' title='bbox 1059 251 1344 318; x_wconf 74' lang='grc' dir='ltr'><em>θυλάκους</em></span> <span class='ocrx_word' id='word_1_17' title='bbox 1369 253 1500 319; x_wconf 79' lang='grc' dir='ltr'><em>τοὺς</em></span> <span class='ocrx_word' id='word_1_18' title='bbox 1528 260 1816 320; x_wconf 78' lang='grc' dir='ltr'><strong><em>ποικίλους</em></strong></span> 
     </span>
     <span class='ocr_line' id='line_1_12' title="bbox 400 336 1641 411; baseline -0.006 -15"><span class='ocrx_word' id='word_1_19' title='bbox 400 342 525 411; x_wconf 84' lang='grc' dir='ltr'><em>περὶ</em></span> <span class='ocrx_word' id='word_1_20' title='bbox 550 352 669 395; x_wconf 92' lang='grc' dir='ltr'><em>τοῖν</em></span> <span class='ocrx_word' id='word_1_21' title='bbox 692 345 912 394; x_wconf 77' lang='grc' dir='ltr'><em>σκελοῖν</em></span> <span class='ocrx_word' id='word_1_22' title='bbox 939 342 1137 393; x_wconf 83' lang='grc' dir='ltr'><em>ἰδοῦσα</em></span> <span class='ocrx_word' id='word_1_23' title='bbox 1162 339 1253 392; x_wconf 83' lang='grc' dir='ltr'><em>καὶ</em></span> <span class='ocrx_word' id='word_1_24' title='bbox 1277 336 1376 393; x_wconf 84' lang='grc' dir='ltr'><em>τὸν</em></span> <span class='ocrx_word' id='word_1_25' title='bbox 1403 338 1641 410; x_wconf 70' lang='grc' dir='ltr'><em>χρύσεον</em></span> 
     </span>
    </p>

    <p class='ocr_par' dir='ltr' id='par_1_8' title="bbox 397 419 1864 669">
     <span class='ocr_line' id='line_1_13' title="bbox 399 419 1588 496; baseline -0.001 -16"><span class='ocrx_word' id='word_1_26' title='bbox 399 423 589 496; x_wconf 77' lang='grc' dir='ltr'><em>κλῳὸν</em></span> <span class='ocrx_word' id='word_1_27' title='bbox 615 429 897 496; x_wconf 77' lang='grc' dir='ltr'><em>φοροῦντα</em></span> <span class='ocrx_word' id='word_1_28' title='bbox 922 424 1048 494; x_wconf 83' lang='grc' dir='ltr'><em>περὶ</em></span> <span class='ocrx_word' id='word_1_29' title='bbox 1071 424 1238 492; x_wconf 93' lang='grc' dir='ltr'><em>μέσον</em></span> <span class='ocrx_word' id='word_1_30' title='bbox 1261 420 1358 478; x_wconf 80' lang='grc' dir='ltr'><em>τὸν</em></span> <span class='ocrx_word' id='word_1_31' title='bbox 1383 419 1588 494; x_wconf 72' lang='grc' dir='ltr'><em>αὐχένα</em></span> 
     </span>
     <span class='ocr_line' id='line_1_14' title="bbox 399 504 1864 580; baseline -0.001 -15"><span class='ocrx_word' id='word_1_32' title='bbox 399 509 729 580; x_wconf 78' lang='grc' dir='ltr'><em>ἐξεπτοήθη,</em></span> <span class='ocrx_word' id='word_1_33' title='bbox 756 510 1058 564; x_wconf 86' lang='grc' dir='ltr'><em>Μενέλεων</em></span> <span class='ocrx_word' id='word_1_34' title='bbox 1084 504 1412 579; x_wconf 73' lang='grc' dir='ltr'><em>ἀνθρώπιον</em></span> <span class='ocrx_word' id='word_1_35' title='bbox 1784 522 1864 566; x_wconf 81' lang='grc'><em>185</em></span> 
     </span>
     <span class='ocr_line' id='line_1_15' title="bbox 397 591 1510 669; baseline -0.003 -20"><span class='ocrx_word' id='word_1_36' title='bbox 397 601 607 669; x_wconf 78' lang='grc' dir='ltr'><em>λῷστον</em></span> <span class='ocrx_word' id='word_1_37' title='bbox 635 599 887 649; x_wconf 77' lang='grc' dir='ltr'><em>λιποῦσα.</em></span> <span class='ocrx_word' id='word_1_38' title='bbox 916 597 1172 662; x_wconf 77' lang='grc' dir='ltr'><em>μηδαμοῦ</em></span> <span class='ocrx_word' id='word_1_39' title='bbox 1197 593 1356 662; x_wconf 89' lang='grc' dir='ltr'><em>γένος</em></span> <span class='ocrx_word' id='word_1_40' title='bbox 1380 591 1510 647; x_wconf 74' lang='grc' dir='ltr'><em>ποτὲ</em></span> 
     </span>
    </p>

    <p class='ocr_par' dir='ltr' id='par_1_9' title="bbox 399 673 1604 751">
     <span class='ocr_line' id='line_1_16' title="bbox 399 673 1604 751; baseline -0.003 -17"><span class='ocrx_word' id='word_1_41' title='bbox 399 686 576 751; x_wconf 84' lang='grc' dir='ltr'><em>φῦναι</em></span> <span class='ocrx_word' id='word_1_42' title='bbox 601 684 887 750; x_wconf 86' lang='grc' dir='ltr'><em>γυναικῶν</em></span> <span class='ocrx_word' id='word_1_43' title='bbox 912 675 1083 748; x_wconf 61' lang='grc' dir='ltr'><em>ὤφελ’</em></span> <span class='ocrx_word' id='word_1_44' title='bbox 1092 721 1105 747; x_wconf 93' lang='grc'><em>,</em></span> <span class='ocrx_word' id='word_1_45' title='bbox 1135 682 1186 732; x_wconf 84' lang='grc' dir='ltr'><em>εί</em></span> <span class='ocrx_word' id='word_1_46' title='bbox 1205 675 1278 747; x_wconf 87' lang='grc' dir='ltr'><em>μὴ</em></span> <span class='ocrx_word' id='word_1_47' title='bbox 1299 673 1411 747; x_wconf 81' lang='grc' dir='ltr'><em>’μοὶ</em></span> <span class='ocrx_word' id='word_1_48' title='bbox 1435 675 1604 750; x_wconf 77' lang='grc' dir='ltr'><em>μόνῳ.</em></span> 
     </span>
    </p>

    <p class='ocr_par' dir='ltr' id='par_1_10' title="bbox 398 760 1482 862">
     <span class='ocr_line' id='line_1_17' title="bbox 398 760 1482 862; baseline -0.004 -43"><span class='ocrx_word' id='word_1_49' title='bbox 398 763 524 820; x_wconf 79' lang='grc' dir='ltr'>ι’δού</span> <span class='ocrx_word' id='word_1_50' title='bbox 548 761 668 818; x_wconf 79' lang='grc' dir='ltr'><em>ταδ’</em></span> <span class='ocrx_word' id='word_1_51' title='bbox 696 760 829 834; x_wconf 79' lang='grc' dir='ltr'><em>ὑμῖν</em></span> <span class='ocrx_word' id='word_1_52' title='bbox 853 769 1124 834; x_wconf 86' lang='grc' dir='ltr'><em>ποιμνίων</em></span> <span class='ocrx_word' id='word_1_53' title='bbox 1147 761 1482 862; x_wconf 79' lang='grc' dir='ltr'><em>βοσκήματα,</em></span> 
     </span>
    </p>

    <p class='ocr_par' dir='ltr' id='par_1_11' title="bbox 398 844 1593 946">
     <span class='ocr_line' id='line_1_18' title="bbox 398 844 1593 946; baseline -0.003 -42"><span class='ocrx_word' id='word_1_54' title='bbox 398 847 530 915; x_wconf 84' lang='grc' dir='ltr'><em>αναξ,</em></span> <span class='ocrx_word' id='word_1_55' title='bbox 551 845 818 904; x_wconf 78' lang='grc' dir='ltr'><em>Ὀδυσσεῦ</em></span> <span class='ocrx_word' id='word_1_56' title='bbox 833 847 1138 919; x_wconf 87' lang='grc' dir='ltr'><em>,μηκαδων</em></span> <span class='ocrx_word' id='word_1_57' title='bbox 1163 844 1350 917; x_wconf 74' lang='grc' dir='ltr'><em>ἀρνῶν</em></span> <span class='ocrx_word' id='word_1_58' title='bbox 1373 852 1593 946; x_wconf 86' lang='grc' dir='ltr'><em>τροφαί,</em></span> 
     </span>
    </p>

    <p class='ocr_par' dir='ltr' id='par_1_12' title="bbox 397 929 1866 1174">
     <span class='ocr_line' id='line_1_19' title="bbox 397 929 1866 1005; baseline -0.003 -14.997"><span class='ocrx_word' id='word_1_59' title='bbox 397 940 608 1005; x_wconf 79' lang='grc' dir='ltr'><em>πηκτοῦ</em></span> <span class='ocrx_word' id='word_1_60' title='bbox 634 931 901 1005; x_wconf 74' lang='grc' dir='ltr'><em>γάλακτός</em></span> <span class='ocrx_word' id='word_1_61' title='bbox 927 930 976 987; x_wconf 82' lang='grc' dir='ltr'><em>τ’</em></span> <span class='ocrx_word' id='word_1_62' title='bbox 1006 929 1073 987; x_wconf 82' lang='grc' dir='ltr'><em>οὐ</em></span> <span class='ocrx_word' id='word_1_63' title='bbox 1099 950 1301 987; x_wconf 89' lang='grc' dir='ltr'><em>σπανια</em></span> <span class='ocrx_word' id='word_1_64' title='bbox 1326 930 1656 1005; x_wconf 89' lang='grc' dir='ltr'><em>τυρεύματα.</em></span> <span class='ocrx_word' id='word_1_65' title='bbox 1785 944 1866 988; x_wconf 89' lang='grc'><em>190</em></span> 
     </span>
     <span class='ocr_line' id='line_1_20' title="bbox 399 1014 1659 1092; baseline -0.002 -19"><span class='ocrx_word' id='word_1_66' title='bbox 399 1021 670 1092; x_wconf 88' lang='grc' dir='ltr'><em>φέρεσθε,</em></span> <span class='ocrx_word' id='word_1_67' title='bbox 695 1014 929 1091; x_wconf 81' lang='grc' dir='ltr'><em>χωρεῖθ’</em></span> <span class='ocrx_word' id='word_1_68' title='bbox 960 1014 1031 1080; x_wconf 82' lang='grc' dir='ltr'><em>ῶς</em></span> <span class='ocrx_word' id='word_1_69' title='bbox 1057 1014 1262 1087; x_wconf 83' lang='grc' dir='ltr'><em>ταχιστ’</em></span> <span class='ocrx_word' id='word_1_70' title='bbox 1291 1039 1511 1087; x_wconf 87' lang='grc' dir='ltr'><em>αντρων</em></span> <span class='ocrx_word' id='word_1_71' title='bbox 1537 1038 1659 1087; x_wconf 90' lang='grc' dir='ltr'><em>απο,</em></span> 
     </span>
     <span class='ocr_line' id='line_1_21' title="bbox 398 1098 1493 1176; baseline -0.004 -16"><span class='ocrx_word' id='word_1_72' title='bbox 398 1103 630 1176; x_wconf 78' lang='grc' dir='ltr'><em>βότρυος</em></span> <span class='ocrx_word' id='word_1_73' title='bbox 655 1104 811 1174; x_wconf 82' lang='grc' dir='ltr'><em>ἐμοι</em></span> <span class='ocrx_word' id='word_1_74' title='bbox 798 1099 941 1172; x_wconf 86' lang='grc' dir='ltr'><em>πῶμ’</em></span> <span class='ocrx_word' id='word_1_75' title='bbox 975 1100 1289 1165; x_wconf 75' lang='grc' dir='ltr'><em>ἀντιδόντες</em></span> <span class='ocrx_word' id='word_1_76' title='bbox 1319 1098 1493 1156; x_wconf 80' lang='grc' dir='ltr'><em>εὐίου.</em></span> 
     </span>
    </p>

    <p class='ocr_par' dir='ltr' id='par_1_13' title="bbox 398 1185 1712 1344">
     <span class='ocr_line' id='line_1_22' title="bbox 398 1185 1632 1291; baseline -0.003 -47"><span class='ocrx_word' id='word_1_77' title='bbox 398 1197 568 1260; x_wconf 83' lang='grc' dir='ltr'><em>οἴμοι·</em></span> <span class='ocrx_word' id='word_1_78' title='bbox 596 1189 844 1253; x_wconf 80' lang='grc' dir='ltr'><em>Κύκλωψ</em></span> <span class='ocrx_word' id='word_1_79' title='bbox 873 1185 957 1243; x_wconf 76' lang='grc' dir='ltr'><em>ὁδ’</em></span> <span class='ocrx_word' id='word_1_80' title='bbox 968 1193 1220 1291; x_wconf 82' lang='grc' dir='ltr'><em>ε’ρχεται</em></span> <span class='ocrx_word' id='word_1_81' title='bbox 1250 1193 1308 1241; x_wconf 93' lang='grc' dir='ltr'><em>τί</em></span> <span class='ocrx_word' id='word_1_82' title='bbox 1330 1186 1632 1257; x_wconf 80' lang='grc' dir='ltr'><em>δρασομεν;</em></span> 
     </span>
     <span class='ocr_line' id='line_1_23' title="bbox 399 1268 1712 1344; baseline -0.003 -15"><span class='ocrx_word' id='word_1_83' title='bbox 399 1271 759 1344; x_wconf 72' lang='grc' dir='ltr'><em>ἀπολώλαμεν</em></span> <span class='ocrx_word' id='word_1_84' title='bbox 783 1297 915 1344; x_wconf 87' lang='grc' dir='ltr'><em>γαρ,</em></span> <span class='ocrx_word' id='word_1_85' title='bbox 945 1296 985 1327; x_wconf 92' lang='grc' dir='ltr'><em>ω</em></span> <span class='ocrx_word' id='word_1_86' title='bbox 1013 1273 1202 1344; x_wconf 89' lang='grc' dir='ltr'><em>γέρον·</em></span> <span class='ocrx_word' id='word_1_87' title='bbox 1234 1284 1333 1327; x_wconf 90' lang='grc' dir='ltr'><em>ποῖ</em></span> <span class='ocrx_word' id='word_1_88' title='bbox 1351 1268 1452 1344; x_wconf 85' lang='grc' dir='ltr'><em>χρὴ</em></span> <span class='ocrx_word' id='word_1_89' title='bbox 1479 1283 1711 1343; x_wconf 81' lang='grc' dir='ltr'><em>φυγεῖν</em></span> <span class='ocrx_word' id='word_1_90' title='bbox 1699 1314 1712 1337; x_wconf 91' lang='grc'><em>,</em></span> 
     </span>
    </p>

    <p class='ocr_par' dir='ltr' id='par_1_14' title="bbox 397 1352 1865 1513">
     <span class='ocr_line' id='line_1_24' title="bbox 398 1352 1865 1429; baseline -0.001 -15"><span class='ocrx_word' id='word_1_91' title='bbox 398 1364 501 1414; x_wconf 79' lang='grc' dir='ltr'><em>ἔσω</em></span> <span class='ocrx_word' id='word_1_92' title='bbox 528 1360 726 1428; x_wconf 84' lang='grc' dir='ltr'><em>πέτρας</em></span> <span class='ocrx_word' id='word_1_93' title='bbox 751 1354 928 1429; x_wconf 83' lang='grc' dir='ltr'><em>τῆσδ’,</em></span> <span class='ocrx_word' id='word_1_94' title='bbox 967 1359 1139 1429; x_wconf 85' lang='grc' dir='ltr'><em>οὑπερ</em></span> <span class='ocrx_word' id='word_1_95' title='bbox 1167 1352 1235 1411; x_wconf 78' lang='grc' dir='ltr'><em>α“ν</em></span> <span class='ocrx_word' id='word_1_96' title='bbox 1257 1355 1487 1412; x_wconf 75' lang='grc' dir='ltr'><em>λάθοιτέ</em></span> <span class='ocrx_word' id='word_1_97' title='bbox 1511 1379 1588 1427; x_wconf 90' lang='grc' dir='ltr'><em>γε.</em></span> <span class='ocrx_word' id='word_1_98' title='bbox 1784 1369 1865 1414; x_wconf 84' lang='grc'><em>195</em></span> 
     </span>
     <span class='ocr_line' id='line_1_25' title="bbox 397 1440 1558 1515; baseline -0.003 -15"><span class='ocrx_word' id='word_1_99' title='bbox 397 1442 585 1500; x_wconf 83' lang='grc' dir='ltr'><em>δεινὸν</em></span> <span class='ocrx_word' id='word_1_100' title='bbox 610 1441 728 1500; x_wconf 87' lang='grc' dir='ltr'><em>τόδ</em></span> <span class='ocrx_word' id='word_1_101' title='bbox 762 1442 938 1513; x_wconf 80' lang='grc' dir='ltr'><em>εἶπας,</em></span> <span class='ocrx_word' id='word_1_102' title='bbox 970 1440 1197 1515; x_wconf 79' lang='grc' dir='ltr'><em>ἀρκύων</em></span> <span class='ocrx_word' id='word_1_103' title='bbox 1221 1448 1412 1513; x_wconf 82' lang='grc' dir='ltr'><em>μολεῖν</em></span> <span class='ocrx_word' id='word_1_104' title='bbox 1436 1447 1558 1497; x_wconf 78' lang='grc' dir='ltr'><em>ἔσω.</em></span> 
     </span>
    </p>

    <p class='ocr_par' dir='ltr' id='par_1_15' title="bbox 400 1526 1640 1598">
     <span class='ocr_line' id='line_1_26' title="bbox 400 1526 1640 1598; baseline -0.003 -14"><span class='ocrx_word' id='word_1_105' title='bbox 400 1526 466 1585; x_wconf 81' lang='grc' dir='ltr'><em>οὐ</em></span> <span class='ocrx_word' id='word_1_106' title='bbox 492 1529 706 1586; x_wconf 88' lang='grc' dir='ltr'><em>δεινόν·</em></span> <span class='ocrx_word' id='word_1_107' title='bbox 736 1530 839 1584; x_wconf 84' lang='grc' dir='ltr'><em>εἰσὶ</em></span> <span class='ocrx_word' id='word_1_108' title='bbox 866 1529 1181 1598; x_wconf 82' lang='grc' dir='ltr'><em>καταφυγαὶ</em></span> <span class='ocrx_word' id='word_1_109' title='bbox 1206 1529 1402 1583; x_wconf 80' lang='grc' dir='ltr'><em>πολλαὶ</em></span> <span class='ocrx_word' id='word_1_110' title='bbox 1427 1528 1640 1598; x_wconf 87' lang='grc' dir='ltr'><em>πέτρας.</em></span> 
     </span>
    </p>

    <p class='ocr_par' dir='ltr' id='par_1_16' title="bbox 397 1609 1720 1686">
     <span class='ocr_line' id='line_1_27' title="bbox 397 1609 1720 1686; baseline -0.004 -16"><span class='ocrx_word' id='word_1_111' title='bbox 397 1612 463 1670; x_wconf 76' lang='grc' dir='ltr'><em>οὗ</em></span> <span class='ocrx_word' id='word_1_112' title='bbox 491 1613 611 1686; x_wconf 84' lang='grc' dir='ltr'><em>δῆτ’</em></span> <span class='ocrx_word' id='word_1_113' title='bbox 633 1633 645 1644; x_wconf 89' lang='grc'><em>·</em></span> <span class='ocrx_word' id='word_1_114' title='bbox 684 1617 807 1670; x_wconf 85' lang='grc' dir='ltr'><em>ἐπεί</em></span> <span class='ocrx_word' id='word_1_115' title='bbox 826 1609 926 1668; x_wconf 74' lang='grc' dir='ltr'><em>τᾶν</em></span> <span class='ocrx_word' id='word_1_116' title='bbox 950 1612 1158 1684; x_wconf 77' lang='grc' dir='ltr'><em>μεγαλα</em></span> <span class='ocrx_word' id='word_1_117' title='bbox 1177 1611 1227 1682; x_wconf 81' lang='grc' dir='ltr'><em>γ’</em></span> <span class='ocrx_word' id='word_1_118' title='bbox 1263 1609 1295 1683; x_wconf 81' lang='grc' dir='ltr'>ἡ</span> <span class='ocrx_word' id='word_1_119' title='bbox 1329 1617 1499 1683; x_wconf 88' lang='grc' dir='ltr'><em>Τροία</em></span> <span class='ocrx_word' id='word_1_120' title='bbox 1524 1613 1720 1682; x_wconf 91' lang='grc' dir='ltr'><em>στένοι,</em></span> 
     </span>
    </p>

    <p class='ocr_par' dir='ltr' id='par_1_17' title="bbox 397 1693 1863 1939">
     <span class='ocr_line' id='line_1_28' title="bbox 400 1693 1663 1771; baseline -0.002 -17"><span class='ocrx_word' id='word_1_121' title='bbox 400 1705 450 1755; x_wconf 84' lang='grc' dir='ltr'><em>εἰ</em></span> <span class='ocrx_word' id='word_1_122' title='bbox 472 1695 812 1771; x_wconf 78' lang='grc' dir='ltr'><em>φευξόμεσθ’</em></span> <span class='ocrx_word' id='word_1_123' title='bbox 843 1695 925 1753; x_wconf 79' lang='grc' dir='ltr'><em>ἕν’</em></span> <span class='ocrx_word' id='word_1_124' title='bbox 955 1696 1159 1767; x_wconf 73' lang='grc' dir='ltr'><em>ἄνδρα·</em></span> <span class='ocrx_word' id='word_1_125' title='bbox 1185 1703 1388 1768; x_wconf 88' lang='grc' dir='ltr'><em>μυρίον</em></span> <span class='ocrx_word' id='word_1_126' title='bbox 1415 1693 1467 1751; x_wconf 87' lang='grc' dir='ltr'><em>δ’</em></span> <span class='ocrx_word' id='word_1_127' title='bbox 1501 1693 1663 1766; x_wconf 76' lang='grc' dir='ltr'><em>ὄχλον</em></span> 
     </span>
     <span class='ocr_line' id='line_1_29' title="bbox 399 1779 1863 1855; baseline -0.002 -15"><span class='ocrx_word' id='word_1_128' title='bbox 399 1791 642 1855; x_wconf 90' lang='grc' dir='ltr'><em>Φρυγῶν</em></span> <span class='ocrx_word' id='word_1_129' title='bbox 667 1781 913 1853; x_wconf 81' lang='grc' dir='ltr'><em>ὑπέστην</em></span> <span class='ocrx_word' id='word_1_130' title='bbox 938 1782 1199 1846; x_wconf 77' lang='grc' dir='ltr'><em>πολλάκις</em></span> <span class='ocrx_word' id='word_1_131' title='bbox 1225 1781 1332 1837; x_wconf 80' lang='grc' dir='ltr'><em>σὺν</em></span> <span class='ocrx_word' id='word_1_132' title='bbox 1358 1779 1568 1837; x_wconf 76' lang='grc' dir='ltr'><em>ἀσπίδι.</em></span> <span class='ocrx_word' id='word_1_133' title='bbox 1778 1795 1863 1837; x_wconf 92' lang='grc'><em>200</em></span> 
     </span>
     <span class='ocr_line' id='line_1_30' title="bbox 397 1862 1693 1939; baseline -0.003 -14"><span class='ocrx_word' id='word_1_134' title='bbox 397 1866 517 1925; x_wconf 73' lang='grc' dir='ltr'><em>ἀλλ’</em></span> <span class='ocrx_word' id='word_1_135' title='bbox 551 1876 601 1925; x_wconf 85' lang='grc' dir='ltr'><em>εί</em></span> <span class='ocrx_word' id='word_1_136' title='bbox 621 1878 822 1925; x_wconf 83' lang='grc' dir='ltr'><em>θανεῖν</em></span> <span class='ocrx_word' id='word_1_137' title='bbox 847 1872 958 1939; x_wconf 88' lang='grc' dir='ltr'><em>δεῖ,</em></span> <span class='ocrx_word' id='word_1_138' title='bbox 984 1863 1404 1938; x_wconf 80' lang='grc' dir='ltr'><em>κατθανούμεθ’</em></span> <span class='ocrx_word' id='word_1_139' title='bbox 1437 1862 1693 1938; x_wconf 81' lang='grc' dir='ltr'><em>εὐγενῶς,</em></span> 
     </span>
    </p>

    <p class='ocr_par' dir='ltr' id='par_1_18' title="bbox 397 1950 1530 2025">
     <span class='ocr_line' id='line_1_31' title="bbox 397 1950 1530 2025; baseline -0.003 -15"><span class='ocrx_word' id='word_1_140' title='bbox 397 1951 431 2025; x_wconf 79' lang='grc' dir='ltr'><em>ἢ</em></span> <span class='ocrx_word' id='word_1_141' title='bbox 455 1961 650 2022; x_wconf 83' lang='grc' dir='ltr'><em>ζῶντες</em></span> <span class='ocrx_word' id='word_1_142' title='bbox 674 1953 833 2009; x_wconf 83' lang='grc' dir='ltr'><em>αἶνον</em></span> <span class='ocrx_word' id='word_1_143' title='bbox 857 1950 955 2009; x_wconf 84' lang='grc' dir='ltr'><em>τὸν</em></span> <span class='ocrx_word' id='word_1_144' title='bbox 980 1952 1151 2025; x_wconf 79' lang='grc' dir='ltr'><em>πάρος</em></span> <span class='ocrx_word' id='word_1_145' title='bbox 1180 1975 1241 2023; x_wconf 90' lang='grc' dir='ltr'><em>γε</em></span> <span class='ocrx_word' id='word_1_146' title='bbox 1266 1951 1530 2023; x_wconf 84' lang='grc' dir='ltr'><em>σῶσομεν.</em></span> 
     </span>
    </p>

    <p class='ocr_par' dir='ltr' id='par_1_19' title="bbox 392 2035 1568 2111">
     <span class='ocr_line' id='line_1_32' title="bbox 392 2035 1568 2111; baseline -0.002 -17"><span class='ocrx_word' id='word_1_147' title='bbox 392 2037 578 2111; x_wconf 67' lang='grc' dir='ltr'><em>ἄνεχε,</em></span> <span class='ocrx_word' id='word_1_148' title='bbox 606 2039 833 2111; x_wconf 73' lang='grc' dir='ltr'><em>πάρεχε,</em></span> <span class='ocrx_word' id='word_1_149' title='bbox 861 2044 919 2094; x_wconf 94' lang='grc' dir='ltr'><em>τί</em></span> <span class='ocrx_word' id='word_1_150' title='bbox 938 2037 1067 2093; x_wconf 78' lang='grc' dir='ltr'><em>τάδε</em></span> <span class='ocrx_word' id='word_1_151' title='bbox 1088 2063 1101 2104; x_wconf 89' lang='lat'>;</span> <span class='ocrx_word' id='word_1_152' title='bbox 1126 2043 1206 2103; x_wconf 86' lang='grc' dir='ltr'><em>τίς</em></span> <span class='ocrx_word' id='word_1_153' title='bbox 1230 2035 1262 2110; x_wconf 81' lang='grc' dir='ltr'><em>ἡ</em></span> <span class='ocrx_word' id='word_1_154' title='bbox 1289 2040 1568 2111; x_wconf 74' lang='grc' dir='ltr'><em>ῥᾳθυμίας</em></span> 
     </span>
    </p>

    <p class='ocr_par' dir='ltr' id='par_1_20' title="bbox 397 2120 1436 2196">
     <span class='ocr_line' id='line_1_33' title="bbox 397 2120 1436 2196; baseline -0.003 -16"><span class='ocrx_word' id='word_1_155' title='bbox 397 2130 454 2180; x_wconf 93' lang='grc' dir='ltr'><em>τί</em></span> <span class='ocrx_word' id='word_1_156' title='bbox 473 2121 812 2196; x_wconf 79' lang='grc' dir='ltr'><em>βακχιάζετ’;</em></span> <span class='ocrx_word' id='word_1_157' title='bbox 840 2120 964 2194; x_wconf 83' lang='grc' dir='ltr'><em>οὐχὶ</em></span> <span class='ocrx_word' id='word_1_158' title='bbox 987 2122 1263 2188; x_wconf 84' lang='grc' dir='ltr'><em>Διόνυσος</em></span> <span class='ocrx_word' id='word_1_159' title='bbox 1289 2122 1436 2192; x_wconf 79' lang='grc' dir='ltr'><em>τάδε,</em></span> 
     </span>
    </p>

    <p class='ocr_par' dir='ltr' id='par_1_21' title="bbox 394 2205 1861 2363">
     <span class='ocr_line' id='line_1_34' title="bbox 397 2205 1861 2282; baseline -0.001 -17"><span class='ocrx_word' id='word_1_160' title='bbox 397 2233 463 2265; x_wconf 93' lang='grc' dir='ltr'><em>ου</em></span> <span class='ocrx_word' id='word_1_161' title='bbox 489 2209 727 2282; x_wconf 87' lang='grc' dir='ltr'><em>κρόταλα</em></span> <span class='ocrx_word' id='word_1_162' title='bbox 750 2213 957 2279; x_wconf 83' lang='grc' dir='ltr'><em>χαλκοῦ</em></span> <span class='ocrx_word' id='word_1_163' title='bbox 983 2229 1286 2278; x_wconf 90' lang='grc' dir='ltr'><em>τυμπανων</em></span> <span class='ocrx_word' id='word_1_164' title='bbox 1310 2205 1363 2262; x_wconf 82' lang='grc' dir='ltr'><em>τ’</em></span> <span class='ocrx_word' id='word_1_165' title='bbox 1389 2206 1691 2278; x_wconf 78' lang='grc' dir='ltr'><em>αράγματα.</em></span> <span class='ocrx_word' id='word_1_166' title='bbox 1780 2221 1861 2263; x_wconf 81' lang='grc'><em>205</em></span> 
     </span>
     <span class='ocr_line' id='line_1_35' title="bbox 394 2291 1630 2366; baseline -0.003 -16"><span class='ocrx_word' id='word_1_167' title='bbox 394 2300 509 2359; x_wconf 87' lang='grc' dir='ltr'><em>πῶς</em></span> <span class='ocrx_word' id='word_1_168' title='bbox 531 2318 622 2366; x_wconf 94' lang='grc' dir='ltr'><em>μοι</em></span> <span class='ocrx_word' id='word_1_169' title='bbox 647 2291 764 2349; x_wconf 85' lang='grc' dir='ltr'><em>κατ’</em></span> <span class='ocrx_word' id='word_1_170' title='bbox 795 2315 967 2363; x_wconf 87' lang='grc' dir='ltr'><em>αντρα</em></span> <span class='ocrx_word' id='word_1_171' title='bbox 991 2292 1225 2362; x_wconf 86' lang='grc' dir='ltr'><em>νεόγονα</em></span> <span class='ocrx_word' id='word_1_172' title='bbox 1253 2291 1629 2363; x_wconf 86' lang='grc' dir='ltr'><em>βλαστήματα·</em></span> <span class='ocrx_word' id='word_1_173' title='bbox 1617 2335 1630 2358; x_wconf 87' lang='grc'><em>,</em></span> 
     </span>
    </p>

    <p class='ocr_par' dir='ltr' id='par_1_22' title="bbox 395 2373 1486 2481">
     <span class='ocr_line' id='line_1_36' title="bbox 395 2373 1486 2481; baseline -0.005 -45"><span class='ocrx_word' id='word_1_174' title='bbox 395 2379 429 2451; x_wconf 79' lang='grc' dir='ltr'><em>ἡ</em></span> <span class='ocrx_word' id='word_1_175' title='bbox 455 2379 591 2452; x_wconf 89' lang='grc' dir='ltr'><em>πρός</em></span> <span class='ocrx_word' id='word_1_176' title='bbox 614 2401 672 2434; x_wconf 88' lang='grc' dir='ltr'><em>τε</em></span> <span class='ocrx_word' id='word_1_177' title='bbox 695 2390 917 2450; x_wconf 83' lang='grc' dir='ltr'><em>μαστοῖς</em></span> <span class='ocrx_word' id='word_1_178' title='bbox 943 2382 1046 2433; x_wconf 86' lang='grc' dir='ltr'><em>εἰσι</em></span> <span class='ocrx_word' id='word_1_179' title='bbox 1068 2373 1211 2447; x_wconf 82' lang='grc' dir='ltr'><em>χὺπὸ</em></span> <span class='ocrx_word' id='word_1_180' title='bbox 1236 2379 1486 2481; x_wconf 81' lang='grc' dir='ltr'><em>μητέρων</em></span> 
     </span>
    </p>

    <p class='ocr_par' dir='ltr' id='par_1_23' title="bbox 397 2458 1658 2621">
     <span class='ocr_line' id='line_1_37' title="bbox 397 2458 1658 2537; baseline -0.002 -18"><span class='ocrx_word' id='word_1_181' title='bbox 397 2462 637 2537; x_wconf 78' lang='grc' dir='ltr'><em>πλευρὰς</em></span> <span class='ocrx_word' id='word_1_182' title='bbox 660 2465 939 2535; x_wconf 90' lang='grc' dir='ltr'><em>τρέχουσι,</em></span> <span class='ocrx_word' id='word_1_183' title='bbox 964 2466 1257 2532; x_wconf 85' lang='grc' dir='ltr'><em>σχοινίνοις</em></span> <span class='ocrx_word' id='word_1_184' title='bbox 1281 2458 1330 2515; x_wconf 85' lang='grc' dir='ltr'><em>τ’</em></span> <span class='ocrx_word' id='word_1_185' title='bbox 1361 2463 1420 2516; x_wconf 82' lang='grc' dir='ltr'><em>ἐν</em></span> <span class='ocrx_word' id='word_1_186' title='bbox 1443 2460 1658 2531; x_wconf 72' lang='grc' dir='ltr'><em>τευχευι</em></span> 
     </span>
     <span class='ocr_line' id='line_1_38' title="bbox 401 2546 1500 2621; baseline -0.004 -18"><span class='ocrx_word' id='word_1_187' title='bbox 401 2549 666 2621; x_wconf 86' lang='grc' dir='ltr'><em>πλήρωμα</em></span> <span class='ocrx_word' id='word_1_188' title='bbox 692 2553 878 2620; x_wconf 87' lang='grc' dir='ltr'><em>τυρῶν</em></span> <span class='ocrx_word' id='word_1_189' title='bbox 904 2551 1052 2603; x_wconf 85' lang='grc' dir='ltr'><em>ἐστιν</em></span> <span class='ocrx_word' id='word_1_190' title='bbox 1076 2546 1500 2617; x_wconf 81' lang='grc' dir='ltr'><em>ἐξημελγμένον;</em></span> 
     </span>
    </p>

    <p class='ocr_par' dir='ltr' id='par_1_24' title="bbox 397 2627 1863 2789">
     <span class='ocr_line' id='line_1_39' title="bbox 397 2627 1863 2706; baseline -0.001 -19"><span class='ocrx_word' id='word_1_191' title='bbox 397 2639 454 2688; x_wconf 89' lang='grc' dir='ltr'><em>τί</em></span> <span class='ocrx_word' id='word_1_192' title='bbox 474 2657 641 2705; x_wconf 89' lang='grc' dir='ltr'><em>φατε;</em></span> <span class='ocrx_word' id='word_1_193' title='bbox 669 2639 726 2688; x_wconf 90' lang='grc' dir='ltr'><em>τί</em></span> <span class='ocrx_word' id='word_1_194' title='bbox 745 2634 959 2703; x_wconf 88' lang='grc' dir='ltr'><em>λέγετε;</em></span> <span class='ocrx_word' id='word_1_195' title='bbox 984 2631 1115 2702; x_wconf 80' lang='grc' dir='ltr'><em>τάχα</em></span> <span class='ocrx_word' id='word_1_196' title='bbox 1140 2653 1220 2695; x_wconf 91' lang='grc' dir='ltr'><em>τις</em></span> <span class='ocrx_word' id='word_1_197' title='bbox 1245 2627 1403 2701; x_wconf 80' lang='grc' dir='ltr'><em>ὑμῶν</em></span> <span class='ocrx_word' id='word_1_198' title='bbox 1431 2637 1503 2704; x_wconf 78' lang='grc' dir='ltr'><em>τῷ</em></span> <span class='ocrx_word' id='word_1_199' title='bbox 1529 2630 1671 2706; x_wconf 79' lang='grc' dir='ltr'><em>ξύλῳ</em></span> <span class='ocrx_word' id='word_1_200' title='bbox 1778 2646 1863 2686; x_wconf 89' lang='grc'><em>210</em></span> 
     </span>
     <span class='ocr_line' id='line_1_40' title="bbox 401 2711 1681 2789; baseline -0.002 -16"><span class='ocrx_word' id='word_1_201' title='bbox 401 2717 614 2789; x_wconf 80' lang='grc' dir='ltr'><em>δάκρυα</em></span> <span class='ocrx_word' id='word_1_202' title='bbox 638 2718 894 2789; x_wconf 85' lang='grc' dir='ltr'><em>μεθήσει·</em></span> <span class='ocrx_word' id='word_1_203' title='bbox 921 2711 1140 2789; x_wconf 85' lang='grc' dir='ltr'><em>βλε’πετ’</em></span> <span class='ocrx_word' id='word_1_204' title='bbox 1169 2712 1282 2770; x_wconf 76' lang='grc' dir='ltr'><em>ἅνω</em></span> <span class='ocrx_word' id='word_1_205' title='bbox 1307 2715 1400 2770; x_wconf 84' lang='grc' dir='ltr'><em>καὶ</em></span> <span class='ocrx_word' id='word_1_206' title='bbox 1418 2714 1494 2787; x_wconf 90' lang='grc' dir='ltr'><em>μὴ</em></span> <span class='ocrx_word' id='word_1_207' title='bbox 1521 2714 1681 2771; x_wconf 79' lang='grc' dir='ltr'><em>κάτω.</em></span> 
     </span>
    </p>

    <p class='ocr_par' dir='ltr' id='par_1_25' title="bbox 395 2797 1610 2873">
     <span class='ocr_line' id='line_1_41' title="bbox 395 2797 1610 2873; baseline -0.002 -16"><span class='ocrx_word' id='word_1_208' title='bbox 395 2801 546 2872; x_wconf 84' lang='grc' dir='ltr'><em>ἰδού,</em></span> <span class='ocrx_word' id='word_1_209' title='bbox 574 2801 709 2873; x_wconf 85' lang='grc' dir='ltr'><em>πρὸς</em></span> <span class='ocrx_word' id='word_1_210' title='bbox 734 2799 905 2857; x_wconf 83' lang='grc' dir='ltr'><em>αὐτὸν</em></span> <span class='ocrx_word' id='word_1_211' title='bbox 929 2800 1026 2858; x_wconf 84' lang='grc' dir='ltr'><em>τὸν</em></span> <span class='ocrx_word' id='word_1_212' title='bbox 1042 2797 1139 2856; x_wconf 88' lang='grc' dir='ltr'><em>Δί’</em></span> <span class='ocrx_word' id='word_1_213' title='bbox 1167 2797 1610 2871; x_wconf 79' lang='grc' dir='ltr'><em>ἆνακεκύφαμεν,</em></span> 
     </span>
    </p>

    <p class='ocr_par' dir='ltr' id='par_1_26' title="bbox 397 2882 1524 2958">
     <span class='ocr_line' id='line_1_42' title="bbox 397 2882 1524 2958; baseline -0.002 -16"><span class='ocrx_word' id='word_1_214' title='bbox 397 2886 461 2942; x_wconf 79' lang='grc' dir='ltr'><em>τά</em></span> <span class='ocrx_word' id='word_1_215' title='bbox 485 2882 524 2942; x_wconf 86' lang='grc' dir='ltr'><em>τ’</em></span> <span class='ocrx_word' id='word_1_216' title='bbox 554 2883 724 2958; x_wconf 68' lang='grc' dir='ltr'><em>ἄστρα</em></span> <span class='ocrx_word' id='word_1_217' title='bbox 749 2888 840 2942; x_wconf 82' lang='grc' dir='ltr'><em>καὶ</em></span> <span class='ocrx_word' id='word_1_218' title='bbox 863 2885 959 2943; x_wconf 88' lang='grc' dir='ltr'><em>τὸν</em></span> <span class='ocrx_word' id='word_1_219' title='bbox 979 2883 1219 2958; x_wconf 75' lang='grc' dir='ltr'><em>Ὠρίωνα</em></span> <span class='ocrx_word' id='word_1_220' title='bbox 1246 2885 1524 2958; x_wconf 88' lang='grc' dir='ltr'><em>δέρκομαι.</em></span> 
     </span>
    </p>
   </div>
  </div>
 </body>
</html>
