2018 3117
226 67 327 119 280

889 71 1204 117 ΟΡΕΣΤΗΣ

422 215 635 280 ἰαχείτω
668 209 728 265 δὲ
753 215 824 281 γᾶ
847 216 1168 280 Κυκλωπία,
1791 227 1873 271 965

420 298 649 365 σίδαρον
677 294 764 349 ἐπὶ
787 293 929 361 κάρα
956 302 1174 350 τιθεῖσα
1197 294 1482 366 κούριμον,

416 374 615 448 πήματ’
647 385 831 432 οἴκων.

422 468 568 526 ἕλεος
593 467 740 526 ἕλεος
770 458 854 517 ὅδ’
886 467 1096 532 ἔρχεται

418 553 528 601 τῶν
553 548 923 616 θανουμένων
946 543 1105 617 ὕπερ,

415 638 787 701 στρατηλατᾶν
816 627 1071 696 Ἑλλάδος
1100 628 1220 685 ποτ’
1256 629 1450 686 ὄντων.
1790 647 1873 691 970

415 718 615 788 βέβακε
641 714 744 786 γὰρ
772 717 1035 786 βέβακεν,
1067 723 1270 785 οἴχεται
1300 717 1509 771 τέκνων
1648 715 1761 773 άντ.

418 800 673 869 πρόπασα
704 801 870 869 γέννα
894 802 1142 864 Πέλοπος
1169 795 1198 854 ὅ
1224 796 1272 854 τ’
1307 801 1393 855 ἐπὶ
1417 807 1704 873 μακαρίοις

415 882 647 955 ζηλωτὸς
676 882 755 938 ὤν
784 881 903 938 ποτ’
936 883 1110 949 οἶκος·

417 969 631 1041 φθόνος
654 992 745 1024 νιν
772 965 881 1024 εἷλε
904 970 1141 1039 θεόθεν,
1174 966 1207 1023 ἆ
1232 992 1288 1024 τε
1319 969 1593 1040 δυσμενὴς

416 1059 607 1125 φοινία
634 1059 820 1123 ψῆφος
843 1056 903 1108 έν
928 1060 1189 1118 πολίταις.
1793 1069 1873 1114 975

413 1136 476 1193 ἰώ
508 1138 599 1208 ι’ω’,
628 1134 970 1209 πανδάκρυτ’
999 1140 1290 1209 ἐφαμέρων

417 1229 555 1293 ἔθνη
587 1221 898 1291 πολύπονα,
931 1220 1213 1293 λεύσσεθ’,
1248 1219 1320 1287 ὦς
1345 1220 1475 1292 παρ’
1509 1226 1730 1289 ἐλπίδας

413 1320 576 1378 μοῖρα
606 1313 802 1378 βαίνει.

419 1394 576 1462 ἕτερα
603 1389 655 1446 δ’
686 1394 867 1463 ἕτερος
898 1387 1179 1463 ἀμείβεται

414 1473 614 1547 πήματ’
647 1479 706 1531 ἐν
728 1473 909 1549 χρόνῳ
933 1482 1149 1550 μακρῷ·
1790 1488 1874 1533 980

411 1566 627 1632 βροτῶν
655 1558 705 1616 δ’
735 1558 763 1616 ὁ
795 1566 897 1624 πᾶς
923 1558 1268 1631 ἀστάθμητος
1294 1562 1447 1617 αι’ω’ν.

412 1645 630 1716 μόλοιμι
654 1644 753 1700 τὰν
778 1641 1022 1713 οὐρανοῦ

410 1733 578 1801 μέσον
604 1730 808 1798 χθονός
833 1749 889 1781 τε
915 1729 1215 1796 τεταμέναν
1245 1730 1600 1798 [αἰωρήμασι]

413 1816 664 1884 [πέτραν]
694 1811 924 1865 ἁλύσεσι
950 1813 1234 1880 χρυσέαισι
1263 1813 1624 1882 [φερομέναν]

413 1898 662 1970 [δίναισι]
691 1899 876 1962 βῶλον
907 1896 959 1958 ἐξ
983 1894 1285 1964 Ὀλύμπου,

411 1978 486 2037 ἵν’
516 1985 575 2038 έν
603 1982 895 2053 θρήνοισιν
926 1979 1216 2054 ἀναβοάσω

409 2068 626 2138 γέροντι
651 2069 815 2137 πατρὶ
848 2067 1105 2142 Ταντάλῳ
1789 2079 1873 2123 985

415 2147 474 2214 ὃς
498 2156 680 2206 ἔτεκεν
706 2157 854 2206 ἔτεκε
880 2153 1169 2221 γενέτορας
1195 2154 1393 2222 ἐμέθεν
1419 2150 1621 2222 δόμων,

411 2241 464 2291 οἳ
486 2240 739 2290 κατεῖδον
768 2233 913 2305 ἄτας,

409 2317 649 2375 ποτανὸν
675 2319 775 2390 μὲν
805 2325 1019 2391 δίωγμα
1043 2319 1243 2375 πώλων

412 2404 888 2475 τεθριπποβάμονι
911 2404 1085 2479 στόλῳ
1110 2406 1300 2467 Πέλοψ
1329 2400 1418 2458 ὅτε

412 2489 670 2560 πελάγεσι
695 2493 1076 2560 διεδίφρευσε,
1103 2493 1398 2559 Μυρτίλου
1425 2489 1602 2548 φόνον
1788 2500 1872 2544 990

414 2571 586 2628 δικῶν
616 2576 668 2637 ές
691 2573 854 2644 οἶδμα
879 2573 1102 2643 πόντου,

410 2656 812 2729 λευκοκύμοσιν

417 2739 551 2813 πρὸς
575 2747 918 2813 Γεραιστίαις

413 2832 655 2881 ποντίων
681 2826 864 2880 σάλων
