2018 3117
209 90 309 142 275

860 88 1174 135 ΟΡΕΣΤΗΣ

394 233 453 286 οἳ
471 227 524 286 δ’
554 226 655 284 οὐκ
682 226 940 300 ἐπῄνουν.
965 222 1099 281 κάπὶ
1121 224 1252 301 τῷδ’
1283 224 1563 283 ἀνίσταται

396 312 534 385 ἀνήρ
559 335 639 377 τις
664 307 1120 382 ἀθυρόγλωσσος,
1158 310 1363 381 ἰσχύων
1389 312 1603 383 θράσει,

392 395 632 470 Ἀργεῖος
657 392 757 451 οὐκ
775 392 1042 466 Ἀργεῖος,
1069 392 1494 466 ἠναγκασμένος,

398 480 627 555 θορύβῳ
651 503 708 535 τε
734 485 964 544 πίσυνος
990 476 1234 551 κάμαθεῖ
1254 486 1547 555 παρρησία,
1772 495 1855 538 905

399 564 635 630 πιθανὸς
663 562 737 620 ἔτ’
769 562 970 628 άστοὺς
995 570 1315 636 περιβαλεῖν
1339 570 1489 639 κακῷ
1514 588 1640 621 τινι.

399 651 555 720 [ὅταν
580 649 686 718 γαρ
714 649 850 719 ἡδύς
874 661 987 713 τοῖς
1012 654 1194 719 λόγοις
1220 659 1450 721 φρονῶν
1476 658 1655 717 κακῶς

397 741 568 807 πείθῃ
591 732 652 789 τὸ
678 739 918 804 πλῆθος,
943 738 1008 805 τῇ
1034 732 1189 789 πόλει
1212 731 1387 789 κακὸν
1409 735 1546 805 μέγα
1561 752 1573 764 ·

396 817 513 875 ὅσοι
539 819 600 875 δὲ
625 817 731 874 σὺν
754 824 834 893 νῷ
855 817 1060 890 χρηστὰ
1083 816 1416 889 βουλεύουσ’
1446 816 1548 889 ἀεί,

397 900 501 959 κᾶν
525 901 596 975 μὴ
623 899 927 975 παραυτίκ’,
954 894 1121 968 αὖθίς
1147 907 1249 957 εἰσι
1271 902 1524 975 χρήσιμοι
1776 916 1857 960 910

400 989 572 1044 πόλει.
599 993 842 1044 θεᾶσθαι
869 985 922 1042 δ’
954 980 1062 1042 ὧδε
1086 986 1187 1058 χρὴ
1213 986 1310 1043 τὸν
1333 987 1644 1059 προστάτην

401 1069 586 1128 ἰδόνθ’
606 1092 616 1101 ·
644 1071 833 1143 ὅμοιον
858 1071 960 1143 γὰρ
986 1070 1044 1127 τὸ
1069 1078 1248 1142 χρῆμα
1273 1078 1519 1142 γίγνεται

397 1164 472 1233 τῷ
497 1156 625 1222 τοὺς
649 1157 847 1228 λόγους
871 1157 1084 1227 λέγοντι
1111 1158 1201 1211 καὶ
1224 1158 1546 1232 τιμωμένῳ]

399 1239 456 1308 ὃς
485 1239 591 1297 εἶπ’
617 1238 876 1311 Ὀρέστην
900 1242 990 1295 καὶ
1015 1238 1065 1295 σ’
1097 1237 1414 1295 ἀποκτεῖναι
1439 1243 1655 1313 πέτροις

399 1326 724 1399 βάλλοντας·
752 1322 860 1381 ὑπὸ
889 1323 940 1380 δ’
971 1330 1141 1381 ἔτεινε
1177 1324 1503 1398 Τυνδάρεως
1527 1326 1727 1398 λόγους
1773 1340 1856 1384 915

404 1413 498 1480 [τῷ
525 1411 647 1477 σφώ
676 1413 1084 1462 κατακτείνοντι
1109 1412 1395 1474 τοιούτους
1420 1415 1644 1485 λέγειν]

397 1493 556 1560 ἄλλος
582 1492 634 1550 δ’
664 1492 898 1559 ἀναστὰς
923 1500 1074 1566 ἔλεγε
1098 1491 1228 1569 τῷδ’
1259 1497 1494 1565 ἐναντία,

396 1585 582 1652 μορφῇ
607 1580 707 1651 μὲν
732 1576 833 1635 οὐκ
860 1577 1098 1649 εὐωπός,
1125 1576 1375 1649 ἀνδρεῖος
1401 1576 1453 1634 δ’
1483 1576 1639 1652 ἀνήρ,

396 1662 640 1737 ὀλιγάκις
666 1662 801 1720 ἄστυ
826 1661 1064 1735 κάγορᾶς
1085 1670 1329 1734 χραίνων
1354 1663 1579 1734 κύκλον,

397 1746 728 1822 αὐτουργός,
758 1753 913 1821 οἵπερ
939 1750 1030 1803 καὶ
1054 1747 1212 1819 μόνοι
1237 1747 1467 1816 σώζουσι
1493 1755 1615 1819 γῆν,
1771 1762 1855 1806 920

397 1832 618 1899 ξυνετὸς
644 1834 704 1890 δὲ
727 1847 925 1905 χωρεῖν
950 1830 1116 1904 ὁμόσε
1140 1845 1250 1898 τοῖς
1273 1833 1457 1904 λόγοις
1480 1835 1679 1901 θέλων,

398 1915 674 1990 ἀκέραιος,
703 1916 1106 1990 ἀνεπίπληκτον
1130 1915 1380 1988 ἠσκηκὼς
1403 1923 1529 1988 βίον
1548 1937 1559 1946 ·

395 1999 453 2066 ὃς
479 2000 586 2058 εἶπ’
609 2001 867 2074 Ὀρέστην
892 2008 1059 2058 παῖδα
1084 2000 1180 2057 τὸν
1198 1999 1596 2073 Ἀγαμέμνονος

398 2093 739 2157 στεφανοῦν,
767 2084 826 2152 ὃς
851 2085 1090 2158 ἠθέλησε
1116 2100 1375 2158 τιμωρεῖν
1399 2094 1580 2159 πατρί,

395 2170 572 2242 κακὴν
596 2185 831 2242 γυναῖκα
856 2169 1063 2227 κᾶθεον
1088 2171 1458 2240 κατακτανών,
1771 2184 1852 2228 925

396 2252 430 2325 ἢ
453 2253 592 2311 κεῖν’
622 2253 849 2328 ἀφῄρει,
876 2253 1012 2327 μήθ’
1044 2253 1362 2322 ὁπλίζεσθαι
1385 2258 1514 2327 χέρα

394 2339 525 2411 μήτε
552 2340 870 2413 στρατεύειν
895 2339 1183 2396 ἐκλιπόντα
1209 2339 1447 2410 δώματα,

397 2430 446 2479 εἰ
469 2422 672 2481 τᾶνδον
697 2422 1062 2497 οἰκουρήμαθ’
1093 2429 1150 2479 οἱ
1169 2426 1506 2494 λελειμμένοι

394 2514 757 2580 φθείρουσιν,
783 2506 1006 2581 ἀνδρῶν
1034 2505 1255 2573 εὔνιδας
1278 2508 1614 2579 λωβώμενοι.

392 2595 484 2649 καὶ
511 2606 620 2658 τοῖς
649 2617 711 2665 γε
733 2608 983 2666 χρηστοῖς
1009 2587 1073 2650 εὖ
1098 2596 1278 2664 λέγειν
1305 2596 1577 2666 ἐφαίνετο,
1770 2605 1856 2650 930

393 2673 613 2743 κούδεὶς
637 2675 712 2734 ἔτ’
743 2678 875 2734 εἷπε.
903 2677 996 2744 σὸς
1021 2676 1073 2735 δ’
1102 2681 1307 2748 ε’πῆλκθε
1333 2678 1619 2749 σύγγονος,

394 2764 538 2827 ἔλεξε
564 2760 616 2818 δ’
635 2781 646 2792 ·
677 2755 720 2820 οἷ
746 2769 850 2834 γῆν
868 2760 1076 2834 Ἰνάχου
1102 2764 1436 2833 κεκτημένοι,

404 2864 545 2909 πάλαι
579 2868 836 2921 Πελασγοί,
870 2866 1104 2909 Δαναΐδαι
1134 2861 1365 2919 δεύτερον,
1767 2863 1853 2905 933
