2018 3117
601 112 980 160 ΙΦΙΓΕΝΕΙΑ
1017 112 1071 157 Η
1105 111 1207 157 ,ΕΝ
1238 110 1497 158 ΑΤΛΙΔΙ

422 263 505 327 εἴη
535 256 600 310 δέ
619 277 711 325 μοι
735 257 929 324 μετρία
955 252 1058 323 μὲν

417 340 599 412 χάρις,
633 338 806 395 πόθοι
833 333 886 392 δ’
916 332 1076 407 ὅσιοι,
1816 352 1898 396 555

420 427 514 482 καὶ
538 425 812 496 μετέχοιμι
839 428 933 487 τᾶς
955 418 1218 494 Ἀφροδί-

418 534 540 580 τας,
568 506 779 565 πολλὰν
805 505 857 563 δ’
888 503 1007 563 ἀπο
998 513 1219 578 θείμαν.

418 593 678 666 διάφοοοι
707 593 768 648 δε
794 592 989 671 φύσεις
1016 598 1250 664 βροτῶν,
1651 587 1765 647 ἇντ.

420 670 680 754 διαφοοοι
706 678 767 733 δε
792 677 1012 735 τοόποι·
1039 675 1100 733 τὸ
1129 674 1184 733 δ
1215 673 1313 749 ὀρ-

419 771 537 830 θῶς
564 760 771 820 ἐσθλὸν
797 763 967 836 σαφὲς
997 761 1107 816 ἀεί·
1815 777 1899 821 560

419 855 629 922 τροφαί
648 846 710 903 θ’
740 854 802 905 αι’
821 848 1220 920 παιδευόμεναι

419 937 558 1008 μέγα
588 936 816 1005 φέρουσ’
843 937 916 997 εἰς
943 934 1042 985 ταν
1073 927 1300 996 άρετάν·

418 1019 479 1077 τό
503 1041 561 1075 τε
585 1017 688 1091 γὰρ
714 1025 995 1075 αἰδεῖσθαι
1019 1024 1205 1090 σοφία,

419 1104 520 1162 τάν
548 1101 596 1160 τ’
630 1104 1068 1171 ἐξαλλάσσουσαν
1099 1109 1207 1174 ἔχει

417 1190 579 1264 χάριν
605 1185 714 1246 ὑπὸ
742 1188 961 1261 γνώμας
991 1192 1190 1259 ἐσορᾶν
1816 1200 1898 1246 565

417 1275 477 1332 τὸ
505 1277 660 1345 δέον,
690 1281 830 1331 ἔνθα
856 1273 986 1341 δόξα
1017 1275 1174 1346 φέρει

417 1363 575 1425 κλέος
603 1357 882 1434 ἀγήρατον
910 1365 1083 1432 βιοτᾷ.

415 1449 553 1518 μέγα
578 1469 629 1500 τι
653 1444 925 1517 θηρεύειν
954 1440 1173 1517 ἀρετάν,

418 1531 673 1604 γυναιξὶν
700 1530 802 1603 μὲν
828 1529 966 1586 κατὰ
990 1529 1216 1600 Κύπριν

419 1615 701 1715 κρυπτάν,
733 1619 793 1672 ἐν
819 1613 1055 1687 ἀνδράσι
1081 1612 1134 1671 δ’
1167 1608 1241 1671 αὖ
1813 1627 1898 1673 570

417 1701 619 1772 κόσμος
648 1708 810 1758 ἔνδον
839 1701 866 1756 ὁ
899 1705 1210 1770 μυριοπλη-

417 1785 524 1859 θης
551 1793 713 1881 μείζω
745 1786 908 1842 πόλιν
933 1783 1103 1852 αὔξει.

415 1879 631 1944 ἔμολες,
663 1883 703 1928 ω’
732 1872 908 1944 Πάρις
923 1916 936 1943 ,
965 1873 1073 1957 ᾑτε
1086 1871 1156 1927 σύ
1181 1895 1243 1943 γε

415 1958 683 2042 βουκόλος
710 1955 1004 2060 ἀργενναῖς
1033 1955 1271 2030 ἐτράφης

409 2034 629 2109 ’Ῐδαίαις
658 2042 805 2115 παρὰ
832 2042 1071 2115 μόσχοις,
1816 2050 1897 2096 575

418 2129 669 2200 βάρβαρα
695 2135 959 2200 συρίζων,
989 2135 1257 2200 Φρυγίων

414 2210 605 2269 αὐλῶν
625 2211 908 2285 Ὀλύμπου
935 2213 1198 2285 καλάμοις

421 2298 700 2370 μιμήματα
726 2302 927 2356 πνέων.

420 2381 652 2454 εὔθηλοι
680 2386 740 2441 δὲ
776 2386 1045 2457 τρέφοντο
1073 2390 1216 2455 βόες,

416 2493 499 2526 οτι
524 2487 584 2523 σε
609 2476 785 2540 κρίσις
814 2475 979 2541 ε”μηνε
1007 2476 1167 2540 θεᾶν,
1815 2479 1900 2524 580

419 2552 453 2610 ἅ
479 2550 530 2610 σ’
563 2551 794 2610 Ἑλλάδα
820 2558 1019 2626 πέμπει

415 2663 527 2694 των
553 2641 1000 2710 ἐλεφαντοδέτων
1024 2639 1220 2712 πάροιΦ

418 2735 525 2781 θεν
553 2723 772 2795 δόμων,
801 2719 859 2789 ὂς
888 2729 980 2789 τᾶς
999 2722 1216 2791 Ἑλένας

417 2813 478 2866 ἐν
506 2805 778 2874 ἀντωποῖς
806 2806 1171 2880 βλεφάροισιν

417 2900 592 2968 ἔρωτα
622 2896 880 2973 δέδωκας,
1812 2901 1896 2944 585
