2018 3117
122 239 217 288 AI.

120 406 258 454 MH.

119 490 217 538 ΑΙ.

127 575 258 622 MH.

120 828 235 876 XO.

123 1249 255 1298 MH.

784 91 1073 136 ΜΗΔΕΙΑ
1668 88 1768 138 219

308 228 508 302 ὄμνυμι
534 237 650 302 Γῆν
675 233 765 286 καὶ
789 230 1040 303 λαμπρὸν
1057 228 1244 286 Ἡλίου
1270 231 1409 302 φάος

308 314 477 379 θεούς
500 338 557 370 τε
583 315 788 380 πάντας
813 313 1124 396 ἐμμενεῑνΑᾶ
1148 334 1250 371 σου
1275 315 1442 370 κλύω.
1502 327 1612 372 Tor
1631 341 1709 370 rua
1732 334 1753 372 5

307 397 486 469 ἀρκεῖ·
512 405 569 454 τί
589 397 642 454 δ’
672 397 817 473 ὅρκςο
842 405 984 473 τῷδε
1008 398 1081 470 μὴ
1101 397 1343 470 ’μμένων
1367 399 1600 466 πάθοις;

307 479 341 538 ἃ
365 496 505 539 τοῖσι
531 489 865 555 ὃυσσεβοῦσι
891 490 1136 554 γίγνεται
1160 489 1390 555 βροτῶν.
1686 497 1769 538 755

307 574 516 639 χαίρων
535 568 781 639 πορεύου
800 585 812 597 ·
839 568 1016 623 πάντα
1040 566 1143 638 γὰρ
1168 574 1347 633 καλῶς
1371 574 1496 638 ἔχει.

310 649 460 723 κᾶγῶ
487 653 648 709 πόλιν
673 651 776 723 σὴν
801 649 872 716 ῶς
895 649 1104 722 τάχιστ’
1133 649 1410 753 οἶφίξομαι,

308 735 538 807 πράξασ’
569 761 602 791 α
626 738 803 807 μέλλω
828 737 920 790 καὶ
944 734 1168 806 τυχοῦσ’
1198 733 1232 791 ἃ
1256 736 1542 808 βούλομαι.

306 818 443 875 ἀλλά
466 818 518 875 σ’
549 818 576 876 ὁ
601 826 791 884 Μαίας
816 832 1088 922 πομπαῖος
1113 817 1245 886 άναξ

308 904 559 960 πελάσειε
585 905 796 975 δόμοις,
823 905 903 959 ῶν
927 902 974 959 τ’
1004 907 1257 960 ἐπίνοιαν
1686 916 1771 959 760

309 989 568 1054 σπεύδεις
593 991 836 1060 κατέχων
861 988 1145 1061 πράξειας,
1173 990 1290 1044 ἐπεὶ

308 1087 562 1144 γενναῖος
588 1061 780 1179 ἀνήρ,

306 1163 511 1229 Αἰγεῦ,
538 1156 667 1229 παρ’
664 1160 816 1254 ἐμοὶ
829 1158 1152 1265 βειέόζιζσῧτξι.

309 1243 349 1297 ῶ
374 1248 484 1298 Ζεῦ
507 1218 699 1313 Ac'my*
680 1266 736 1298 τε
736 1230 1140 1342 Ζηνος“Ηλίου
1164 1265 1221 1297 τε
1247 1247 1382 1313 φῶς,

296 1332 416 1382 ,νῦν
439 1303 771 1383 καλλίνικοι
771 1333 881 1382 τῶν
906 1330 1052 1398 ἐμῶν
1076 1329 1322 1398 ἐχθρῶν,
1350 1331 1524 1396 φίλαι,
1690 1337 1770 1381 765

307 1436 366 1482 γε
346 1411 690 1483 ενησόμεσθα
715 1417 827 1477 κείς
852 1409 985 1467 ὁδὸν
1010 1411 1347 1516 βεβήκαμεν·

308 1502 415 1551 νῦν
478 1497 626 1559 ε’λπῖς
695 1495 933 1597 ἐχθροὺς
955 1495 1085 1560 τοὺς
1109 1493 1274 1566 ἐμοὺς
1297 1500 1471 1550 τίσειν
1496 1498 1673 1564 δίκην.

311 1603 471 1644 ουτος
495 1604 600 1651 γαρ
627 1577 766 1651 ἁνὴρ
792 1582 825 1653 ῂ
850 1577 1066 1651 μάλιστ’
1097 1579 1402 1650 ἐκάμνομεν

308 1664 473 1736 λιμὴν
498 1667 770 1735 πέφανται
778 1657 900 1720 τῶν
924 1668 1070 1735 ἐμῶν
1095 1651 1516 1735 βουλευμάτων

312 1752 371 1804 ἐκ
396 1747 551 1804 τοῦδ’
582 1747 945 1821 ἆναψόμεσθα
969 1772 1296 1820 πρυμνητην
1314 1747 1414 1803 κάλ
1421 1771 1514 1816 ων,
1689 1759 1770 1803 770

309 1833 567 1904 μολόντες
590 1831 726 1889 ἄστυ
750 1836 841 1889 καὶ
866 1834 1103 1905 πόλισμα
1125 1832 1433 1897 Παλλάδος.

307 1915 412 1988 ἤδη
442 1917 502 1972 δὲ
527 1918 703 1972 πάντα
727 1916 866 1989 τάμά
891 1938 977 1973 σοι
1001 1917 1349 1990 βουλεύματα

245 2025 254 2035 “
310 2004 443 2068 λε’ξω
461 2020 471 2030 ·
500 2004 664 2081 δέω
691 2003 750 2057 δὲ
774 2001 846 2073 μὴ
872 2001 1008 2073 πρὸς
1031 1999 1242 2074 ἡδονὴν
1266 2002 1484 2072 λόγους.
1553 2027 1572 2062 ψ

312 2083 552 2157 πέμψασ’
585 2089 731 2157 ἐμῶν
754 2084 862 2142 τιν’
894 2092 1124 2143 οἰκετῶν
1141 2085 1351 2142 Ἰάσονα

311 2175 386 2234 εἰς
411 2167 542 2235 ὄψιν
566 2174 754 2226 ἐλθεῖν
780 2172 881 2242 τὴν
904 2170 1039 2242 ἐμὴν
1063 2171 1350 2242 αἰτήσομαι
1366 2188 1376 2198 “
1691 2180 1772 2226 775

308 2254 532 2326 μολόντι
558 2253 610 2311 δ’
639 2253 787 2331 αὐτῷ
813 2255 1134 2327 μαλθακοὺς
1158 2258 1291 2322 λε’ξω
1316 2254 1531 2325 λόγους,

312 2336 384 2403 ῶς
408 2323 500 2394 καὶ
525 2344 682 2395 δοκεῖ
700 2363 790 2411 μοι
815 2347 986 2396 ταῦτα
1010 2343 1102 2396 καὶ
1126 2346 1304 2404 καλῶς
1329 2345 1455 2409 ἔχει,

313 2423 540 2495 [γάμους
565 2425 857 2495 τυράννων
883 2422 980 2489 οὓς
1004 2423 1246 2497 προδοὺς
1268 2421 1406 2494 ἡμᾶς
1431 2428 1539 2492 ἔχει

310 2509 403 2562 καὶ
425 2507 664 2588 ξύμφορ’
696 2509 836 2565 εἶναι
863 2511 955 2564 καὶ
980 2515 1158 2583 καλῶς
1183 2508 1544 2587 ἐγνωσμένα]

310 2595 508 2656 παῖδας
532 2593 593 2647 δὲ
615 2606 797 2663 μεῖναι
822 2592 951 2658 τοὺς
974 2591 1139 2664 ἐμοὺς
1163 2592 1470 2664 αἰτήσομαι,
1689 2602 1773 2648 780

314 2673 416 2746 οὐχ
442 2672 512 2739 ὦς
538 2682 677 2731 λίπω
705 2693 811 2747 σφε
836 2680 1098 2746 πολεμίας
1125 2676 1215 2729 ἐπὶ
1241 2673 1446 2742 χθονός

314 2760 576 2827 [ἐχθροῖσι
590 2766 783 2825 παῖδας
803 2759 932 2825 τούς
956 2759 1119 2831 ἐμοὺς
1142 2761 1522 2832 καθυβρίσαι],

312 2840 432 2899 ἀλλ’
464 2839 534 2907 ῶς
562 2843 771 2899 δόλοισι
797 2850 964 2899 παῖδα
988 2846 1256 2916 βασιλέως
1278 2844 1476 2900 κτάνω.
