2018 3117
74 421 192 472 ΠΟ.

720 105 1095 152 ΦΟΙΝΙΣΣΑΙ
1615 101 1715 153 413

263 243 423 301 ἄδικα
450 243 772 313 πεπονθώς,
801 241 872 309 ὡς
895 241 961 298 σῦ
989 242 1122 315 φής·
1151 240 1336 316 κριτὴς
1362 243 1428 298 δέ
1446 265 1527 307 τις

259 337 412 386 θεῶν
437 332 650 400 γε’νοιτο
676 329 768 383 καὶ
793 325 1117 398 διαλλακτὴς
1139 333 1340 382 κακῶν.

262 411 468 478 ἁπλοῦς
495 410 523 469 ὁ
548 418 728 483 μῦθος
751 419 844 483 τῆς
869 408 1132 482 ἀληθείας
1158 417 1283 481 ἔφυ,

261 496 364 554 κού
389 503 653 553 ποικίλων
677 501 766 552 δεῖ
787 493 998 565 τᾶνδιχ’
1027 493 1480 568 ἑρμηνευμάτων·
1633 506 1717 551 470

263 589 371 652 ἔχει
394 580 497 653 γὰρ
523 577 662 636 αὐτὰ
685 580 905 652 καιρόν·
933 576 961 636 ὁ
988 578 1041 635 δ”
1068 576 1253 643 ἄδικος
1277 578 1436 651 λόγος

262 673 444 722 νοσῶν
467 669 526 721 ἐν
552 662 699 739 αὑτῷ
727 662 1031 736 φαρμάκων
1057 669 1228 719 δεῖται
1258 669 1464 735 σοφῶν.

263 749 367 821 ἐγώ
396 750 456 804 δὲ
478 747 679 820 πατρὸς
701 752 968 819 δωμάτων
992 747 1424 820 προυσκεψάμην

261 831 466 904 τούμόν
487 856 544 888 τε
567 834 659 888 καὶ
681 830 857 902 τοῦδ’,
885 835 1149 902 ἐκφυγεῖν
1171 831 1382 904 χρῄζων
1411 829 1544 902 άρὰς

261 915 322 983 ἃς
350 923 616 981 Οἰδίπους
640 913 932 986 ἐφθέγξατ’
962 921 1038 980 είς
1061 914 1199 987 ἡμᾶς
1222 938 1368 984 ποτε,
1633 928 1714 972 475

262 1004 494 1073 ἐξῆλθον
520 1003 618 1067 ἔξω
643 997 798 1072 τῆσδ’
828 998 970 1056 ἑκτὸν
997 997 1161 1065 αὐτὸς
1183 999 1402 1070 χθονός,

263 1085 394 1150 δοῦς
419 1083 551 1159 τῷδ’
586 1083 846 1140 ἀνάσσειν
878 1089 1137 1157 πατρίδος
1161 1088 1417 1140 ἐνιαυτοῦ
1441 1083 1664 1154 κύκλον,

261 1167 387 1226 ὥστ’
417 1168 580 1234 αὐτὸς
604 1167 790 1241 ἄρχειν
823 1161 990 1233 αὖθις
1023 1167 1128 1224 ἀνα
1149 1171 1311 1240 μέρος
1339 1167 1525 1237 λαβών

261 1256 353 1309 καὶ
377 1253 449 1325 μὴ
475 1251 548 1309 δι’
578 1260 777 1326 ἔχθρας
803 1257 944 1327 τῷδε
966 1255 1058 1308 καὶ
1088 1257 1269 1326 φόνου
1290 1262 1476 1324 μολών

259 1341 455 1408 [κακόν
480 1360 531 1391 τι
557 1341 755 1405 δρᾶσαι
782 1339 873 1388 καὶ
898 1343 1128 1404 παθεῖν,
1157 1335 1192 1388 ὁὶ
1214 1338 1506 1405 γίγνεται]
1632 1349 1715 1393 480

263 1420 290 1477 ὃ
318 1419 370 1476 δ’
401 1423 617 1486 αἰνέσας
642 1419 808 1476 ταῦθ’
838 1417 1059 1491 ὁρκίους
1084 1444 1141 1476 τε
1170 1418 1301 1485 δοὺς
1325 1420 1511 1490 θεούς,

262 1510 492 1577 ἔδρασεν
515 1502 682 1560 οὐδὲν
706 1498 784 1560 ὦν
809 1502 1081 1576 ὑπέσχετ’,
1113 1502 1231 1560 ἀλλ’
1263 1511 1370 1576 ἔχει

261 1587 550 1660 τυραννίδ’
581 1585 743 1653 αὐτὸς
768 1591 859 1645 καὶ
885 1589 1070 1660 δόμων
1093 1589 1224 1661 ἐμὸν
1247 1592 1423 1660 μέρος.

257 1675 348 1729 καὶ
373 1680 481 1728 νῦν
506 1673 713 1744 ἕτοιμός
741 1679 848 1745 εἰμι
873 1670 1150 1744 τάμαυτοῦ
1173 1672 1360 1745 λαβὼν

262 1756 495 1830 στρατὸν
517 1758 617 1829 μὲν
643 1760 741 1824 ἔξω
766 1756 920 1829 τῆσδ’
951 1756 1265 1815 άποστεῖλαι
1287 1758 1507 1829 χθονός,
1631 1772 1714 1816 485

259 1847 434 1897 οἰκεῖν
460 1842 521 1897 δὲ
544 1839 641 1898 τὸν
665 1840 798 1913 ἐμὸν
822 1842 975 1898 οἶκον
999 1840 1104 1898 άνὰ
1133 1845 1293 1915 μέρος
1317 1841 1503 1915 λαβών

258 1927 350 1981 καὶ
373 1925 498 2001 τῷδ’
529 1924 751 1997 ἀφεῖναι
775 1925 873 1983 τὸν
897 1936 1018 1983 ἴσον
1042 1920 1208 1993 αὖθις
1231 1919 1305 1983 αὖ
1326 1927 1545 2000 χρόνον,

261 2011 352 2065 καὶ
375 2011 509 2082 μήτε
534 2020 772 2081 πορθεῖν
795 2016 1031 2083 πατρίδα
1054 2012 1188 2085 μήτε
1212 2013 1547 2085 προσφέρειν

258 2093 516 2166 πύργοισι
540 2101 764 2168 πηκτῶν
786 2096 1067 2166 κλιμάκων
1089 2095 1507 2169 προσαμβάσεις,

257 2173 292 2232 ἃ
319 2177 390 2250 μὴ
417 2179 657 2252 κυρήσας
680 2187 773 2251 τῆς
796 2185 952 2251 δίκης
978 2181 1302 2254 πειράσομαι
1632 2194 1716 2237 490

258 2267 413 2333 δρᾶν.
439 2264 715 2338 μάρτυρας
746 2267 807 2321 δὲ
832 2269 1009 2320 τῶνδε
1034 2270 1296 2336 δαίμονας
1322 2271 1487 2335 καλῶ,

259 2344 329 2411 ὦς
357 2347 532 2403 πάντα
555 2348 816 2421 πράσσων
839 2347 946 2404 σῦν
976 2354 1129 2422 δίκῃ,
1157 2354 1311 2420 δίκης
1335 2346 1461 2420 ἄτερ

256 2428 658 2505 ἀποστεροῦμαι
683 2438 945 2506 πατρίδος
968 2431 1323 2489 ἀνοσιώτατα.

255 2513 409 2570 ταῦτ’
442 2513 579 2573 αὕθ’
610 2520 834 2587 ἕκαστα,
863 2522 1058 2589 μῆτερ,
1086 2515 1208 2589 οὐχὶ
1233 2515 1567 2591 περιπλοκὰς

255 2599 437 2670 λόγων
461 2598 727 2673 ἀθροίσας
753 2600 932 2672 εἶπον,
961 2598 1098 2656 ἀλλὰ
1122 2604 1213 2658 καὶ
1238 2614 1430 2675 σοφοῖς
1629 2615 1712 2657 495

256 2685 348 2739 καὶ
370 2697 508 2741 τοῖσι
533 2686 767 2757 φαύλοις
793 2682 986 2756 ἔνδιχ’,
1016 2682 1087 2750 ὥς
1112 2688 1229 2758 ἐμοὶ
1254 2690 1419 2742 δοκεῖ.

68 2775 182 2823 ΧΟ.
251 2769 369 2838 ἐμοὶ
394 2770 512 2840 με’ν,
542 2775 592 2825 εἰ
615 2772 707 2826 καὶ
729 2768 801 2842 μὴ
827 2767 962 2826 καθ’
987 2767 1260 2841 Ἑλλήνων
1282 2770 1462 2842 χθόνα

253 2851 617 2926 τεθράμμεθ’,
643 2851 765 2909 ἀλλ’
797 2847 900 2910 οῦν
924 2855 1121 2922 ξυνετά
1144 2879 1237 2928 μοι
1266 2861 1446 2920 δοκεῖς
1469 2857 1666 2926 λέγειν.
