2018 3117
204 83 301 135 136
973 86 1110 133 ΙΩΝ

392 225 581 296 πόσιν,
612 228 671 280 ἐν
703 217 744 299 ᾧ
773 223 839 280 τὰ
864 222 1027 281 πάντ’
1063 222 1250 297 ἔχουσ’
1276 229 1519 283 ἐλπίδων

387 311 608 382 μέτοχος
637 301 706 381 ἧν
730 309 828 365 τλ’
778 334 976 382 αμων·
965 355 977 378 ,

386 401 493 450 νῦν
524 391 576 450 δ’
610 396 642 467 ἢ
668 394 769 465 μὲν
798 401 946 467 ἔρρει
976 408 1313 467 συμφοραῖς,
1343 395 1371 451 ὃ
1405 392 1459 451 δ’
1490 393 1726 467 εὐτυχεῖ,

392 477 588 535 πολιὸν
618 485 945 537 εἰσπεσοῦσα
972 486 1167 551 γῆρας,
1193 480 1351 545 πόσις
1376 477 1438 535 δ’·
1772 494 1855 538 700

390 561 599 629 ἀτίετος
626 570 824 636 φίλων.

387 650 602 720 μέλεος,
635 646 693 714 ὃς
719 657 953 721 θυραῖος
983 649 1167 706 ἐλθών
1192 649 1395 721 δόμους

395 736 566 805 μέγαν
597 737 649 798 ἐς
673 730 844 806 ὄλβον
870 733 972 791 οὐκ
1004 742 1210 791 ἔσωσεν
1240 732 1420 805 τύχας.

396 816 564 875 ὄλοιτ’
599 815 780 875 ὄλοιτο

395 903 626 960 πότνιαν
649 902 946 975 ἐξαπαφών
973 903 1107 974 ε’μάν
1127 923 1137 932 ·
1776 915 1857 959 705

393 990 484 1044 καὶ
507 997 725 1045 θεοῖσιν
753 987 825 1060 μὴ
853 988 1006 1059 τύχοι

394 1078 735 1146 καλλίφλογα
764 1076 1004 1129 πέλανον
1029 1075 1118 1128 ἐπὶ

392 1159 526 1231 πυρὶ
553 1164 894 1229 καθαγνίσας
911 1176 923 1187 ·
952 1156 1010 1213 τὸ
1043 1163 1075 1213 δ
1083 1155 1095 1175 ’
1128 1155 1260 1229 ε’μόν
1285 1165 1486 1212 εἴσεται

391 1248 418 1279 *
503 1247 529 1277 *
614 1254 640 1284 *
728 1252 754 1284 *
843 1252 869 1283 *
1776 1253 1859 1298 710

395 1337 422 1370 *
455 1337 481 1368 *
522 1332 852 1398 τυραννίδος
877 1333 1027 1398 φίλα.

394 1409 498 1485 ἤδη
531 1415 695 1477 πέλας
722 1416 965 1468 δείπνων
995 1425 1158 1481 κυρεῖ

394 1510 519 1562 παῖς
541 1499 634 1553 καὶ
662 1495 837 1568 πατὴρ
867 1499 984 1561 νέος
1008 1498 1169 1552 νέων.

393 1579 455 1638 ίώ
484 1582 733 1655 δειράδες
761 1587 1064 1653 Παρνασοῦ
1095 1583 1292 1653 πέτρας

393 1673 613 1738 ἔχουσαι
643 1666 916 1723 σκόπελον
939 1662 1207 1735 οὐράνιόν
1236 1663 1296 1721 θ’
1331 1669 1516 1738 ἕδραν,
1778 1678 1858 1721 715

393 1757 483 1808 ἴνα
508 1752 742 1823 Βάκχιος
780 1750 1138 1824 ἀμφιπύρους
1163 1748 1375 1821 ἀνέχων
1405 1750 1612 1815 πεύκας

391 1835 632 1909 λαιψηρὰ
661 1842 809 1911 πηδᾷ
837 1836 1190 1901 νυκτιπόλοις
1217 1833 1326 1907 ἅμα
1352 1833 1459 1891 σῦν
1481 1834 1736 1906 Βάκχαις.

397 1921 469 1993 μή
500 1928 556 1977 τί
575 1920 696 1978 ποτ’
732 1928 808 1988 είς
833 1921 968 1994 ἐμάν
999 1921 1162 1977 πόλιν
1185 1918 1362 1976 ἵκοιθ’
1391 1917 1418 1976 ὁ
1453 1934 1598 1990 παῖς,

392 2009 525 2062 νέαν
552 2011 585 2062 δ
593 2005 605 2024 '
639 2004 846 2078 ἁμέραν
876 2004 1161 2062 ἀπολιπὼν
1192 2006 1376 2062 θάνοι.
1778 2017 1860 2061 720

393 2093 689 2163 στενομένα
717 2091 820 2164 γὰρ
846 2089 914 2147 ἂν
942 2090 1098 2156 πόλις
1122 2097 1233 2162 ἔχοι
1257 2097 1461 2163 σκῆψιν

393 2175 610 2243 ξενικὸν
635 2176 907 2248 εἰσβολάν.

395 2258 514 2326 αλις
571 2261 597 2318 ὁ
653 2266 825 2333 πάρος
878 2258 1113 2332 ἀρχαγὸς
1138 2257 1215 2315 ὦν

387 2342 677 2445 Ἐρεχθεὺς
705 2342 854 2412 άναξ.

213 2436 314 2486 KP
392 2433 432 2485 ω
458 2433 669 2503 πρέσβυ
693 2427 1000 2502 παιδαγώγ’
1029 2427 1326 2501 Ἐρεχθέως
1351 2451 1552 2501 πατρος
1777 2440 1858 2484 725

397 2512 604 2586 τούμοῦ
631 2513 754 2571 ποτ’
783 2513 969 2586 ὄντος,
994 2511 1142 2586 ἡνίκ’
1174 2516 1244 2585 ἡν
1267 2509 1344 2570 ἔτ’
1379 2516 1438 2569 ἐν
1465 2512 1611 2584 φάει,

395 2605 585 2670 ἔπαιρε
611 2598 818 2656 σαυτὸν
847 2599 983 2671 πρὸς
1007 2605 1148 2655 θεοῦ
1170 2597 1484 2670 χρηστήρια,

395 2686 470 2749 ὥς
498 2706 590 2755 μοι
620 2691 933 2758 συνησθῇς,
967 2693 1020 2740 εἴ
1044 2707 1094 2739 τι
1121 2687 1318 2751 Λοξίας
1348 2680 1479 2749 ἄναξ

397 2770 675 2839 θέσπισμα
705 2772 921 2825 παίδων
945 2775 1021 2834 είς
1048 2767 1213 2839 γονὰς
1240 2770 1569 2839 ἐφθέγξατο·

400 2850 506 2909 σῦν
533 2865 646 2919 τοῖς
670 2859 850 2923 φίλοις
873 2852 976 2925 γὰρ
1001 2849 1110 2925 ἡδὺ
1135 2853 1235 2924 μὲν
1260 2852 1528 2925 πράσσειν
1551 2858 1755 2917 καλῶς·
1776 2863 1859 2908 730
