2018 3117
234 82 339 132 290
905 87 1178 135 ΟΡΕΣΤΗ
1175 92 1224 134 Σ

429 216 522 280 δὸς
543 215 799 285 ἀγγελίαν
821 215 1036 284 ἀγαθάν
1056 215 1184 288 τιν’,

426 302 474 351 εί
491 295 607 350 τάδ’
633 300 803 366 ἔρημα
823 295 887 350 τὰ
906 296 1109 364 πρόσθ’
1135 297 1322 364 αὐλᾶς.

232 382 454 432 ΗΜΙΧ.
478 383 655 440 καλῶς
684 377 748 430 τά
767 374 823 445 γ’
847 375 1069 432 ἐνθένδ’
1085 399 1097 411 ·
1136 377 1272 434 ἀλλὰ
1295 378 1420 434 τάπὶ
1439 388 1540 436 σοῦ
1560 384 1748 439 σκόπει
1764 406 1777 420 ·

429 456 500 521 ὠς
526 455 676 522 οὔτις
700 455 832 526 ἡμῖν
851 462 1148 512 Δαναϊδῶν
1173 459 1469 525 πελάζεται.

232 543 451 594 ΗΜΙΧ.
476 542 549 602 εἰς
569 536 771 592 ταύτὸν
789 537 966 607 ἥκεις·
1002 541 1090 592 καὶ
1110 541 1212 608 γὰρ
1236 539 1366 594 οὐδὲ
1387 540 1503 612 τῇδ’
1535 540 1706 612 ὄχλος.
1765 561 1873 604 1280

231 624 352 674 HA.
430 622 561 690 φέρε
583 642 689 674 νυν
713 622 772 674 ἐν
794 622 1056 675 πύλαισιν
1077 620 1251 675 ἀκοάν
1272 621 1421 692 βάλω
1439 645 1449 655 ·

423 705 478 754 τί
492 699 714 770 μέλλεθ’
742 703 797 755 οἱ
811 700 919 755 κατ’
944 700 1096 755 οἶκον
1117 704 1175 756 ἐν
1196 701 1391 775 ἡσυχία

419 782 625 851 σφάγια
645 788 978 852 φοινίσσειν;
1765 803 1873 847 1285

423 861 526 917 οὐκ
549 862 900 917 εἰσακούουσ’
918 888 928 898 ·
970 858 1014 917 ὦ
1033 863 1247 918 τάλαιν’
1274 864 1377 934 ἐγώ
1402 872 1586 920 κακῶν

427 940 520 1015 ἆρ’
544 951 617 1011 εἰς
637 946 695 1000 τὸ
718 948 915 1011 κάλλος
935 948 1319 1017 ἐκκεκώφωται
1345 950 1496 1017 ξίφη;

420 1029 552 1099 τάχα
574 1050 653 1092 τις
669 1026 926 1097 Ἀργείων
946 1033 1173 1093 ἔνοπλος
1193 1027 1433 1100 ὁρμήσας

422 1111 547 1164 ποδὶ
571 1109 862 1181 βοηδρόμῳ
884 1112 1131 1179 μέλαθρα
1150 1115 1446 1179 προσμίξει.
1765 1127 1872 1170 1290

419 1193 699 1254 σκέψασθέ
717 1211 822 1242 νυν
844 1188 1096 1259 ἄμεινον·
1121 1189 1221 1259 οὐχ
1243 1193 1402 1259 ἕδρας
1428 1192 1594 1263 ἀκμή·

420 1268 540 1324 ἀλλ’
567 1270 747 1339 αἳμὲν
768 1268 980 1341 ἐνθάδ’,
1001 1274 1061 1325 αἳ
1078 1271 1126 1326 δ’
1154 1271 1315 1326 ἐκεῖσ’
1343 1274 1591 1329 ἑλίσσετε.

224 1357 339 1406 ΧΟ.
416 1351 617 1421 ἀμείβω
645 1353 915 1406 κέλευθον
937 1360 1217 1407 σκοποῦσα
1238 1354 1429 1426 πάντα.
1762 1371 1871 1414 1295

222 1439 336 1487 EA.
415 1433 476 1487 ἰώ
497 1433 1017 1505 Πελασγὸν”Αργος,
1058 1433 1291 1505 ὄλλυμαι
1318 1442 1512 1501 κακῶς.

224 1521 446 1570 HMIX.
468 1512 776 1584 ἠκούσαθ’;
818 1514 1015 1584 ἅνδρες
1034 1515 1167 1586 χεῖρ’
1192 1522 1411 1586 ἔχουσιν
1433 1520 1492 1572 ἐν
1513 1520 1685 1591 φόνῳ.

221 1603 438 1653 ΗΜΙΧ.
455 1595 668 1667 Ἑλένης
689 1596 748 1651 τὸ
772 1597 983 1667 κώκυμ’
1017 1602 1191 1667 ἐστίν,
1216 1598 1288 1663 ὡς
1314 1597 1618 1655 ἀπεικάσαι.

222 1685 346 1733 HA.
414 1676 456 1734 οἳ
479 1679 640 1749 Διός,
683 1673 728 1733 ὦ
746 1679 883 1745 Διὸς
909 1679 1107 1734 ἀέναον
1128 1682 1348 1750 κράτος,

415 1759 532 1816 ἔλθ’
562 1763 858 1829 ἐπίκουρον
882 1763 1054 1829 ἐμοῖσι
1080 1767 1287 1831 φίλοισι
1315 1763 1543 1827 πάντως.
1756 1776 1871 1820 1300

218 1847 331 1894 ΕΛ.
408 1842 684 1912 Μενέλαε,
714 1842 966 1911 θνήσκω·
1006 1842 1074 1897 σὺ
1108 1842 1167 1897 δὲ
1198 1842 1389 1914 παρεόν
1409 1842 1463 1914 μ’
1500 1842 1602 1898 οὐκ
1625 1841 1869 1913 ὠφελεῖς.

220 1926 340 1975 HA.
407 1924 671 1990 φονεύετε
692 1927 903 1977 καίνετε
925 1920 1119 1977 ὄλλυτε
1135 1966 1148 1993 ,

415 2007 642 2072 δίπτυχα
665 2007 890 2073 δίστομα
912 2005 1165 2075 φάσγανα
1186 2006 1420 2075 πέμπετε

416 2084 473 2136 ἐκ
494 2084 648 2151 χερὸς
669 2086 871 2152 ἱέμενοι

415 2161 514 2217 τάν
535 2163 873 2232 λιποπάτορα
891 2165 1198 2234 λιπόγαμόν
1217 2165 1302 2236 θ’,
1332 2163 1367 2219 ἂ
1387 2171 1669 2229 πλείστους
1762 2179 1870 2222 1305

416 2248 609 2298 ἔκανεν
629 2241 902 2298 Ἑλλάνων

417 2328 540 2395 δορὶ
565 2326 712 2394 παρα
759 2327 1003 2396 ποταμὸν
1025 2324 1350 2398 ὄλομένους,
1379 2329 1472 2383 ὅθι

410 2408 622 2475 δάκρυα
643 2408 879 2476 δάκρυσι
903 2410 1168 2462 συνέπεσε
1191 2414 1463 2478 σιδαρέοις

413 2491 627 2558 βέλεσιν
655 2487 795 2558 ἀμφὶ
814 2488 907 2553 τὰς
933 2491 1304 2559 Σκαμάνδρου
1326 2495 1493 2555 δίνας.
1761 2503 1869 2546 1310

220 2577 336 2626 ΧΟ.
411 2576 594 2638 σιγᾶτε
617 2569 791 2638 σιγᾶτ’
811 2589 821 2600 ·
857 2568 1115 2642 ᾐσθόμην
1135 2571 1347 2625 κτύπου
1370 2571 1518 2636 τινὸς

411 2651 680 2704 κέλευθον
707 2655 1051 2716 εἰσπεσόντος
1071 2650 1208 2721 ἀμφὶ
1229 2653 1465 2722 δώματα.

222 2737 341 2786 ΗΛ.
412 2724 455 2784 ὦ
474 2736 723 2799 φίλταται
749 2744 1030 2804 γυναῖκες,
1060 2737 1133 2798 εἰς
1152 2735 1319 2802 μέσον
1340 2732 1520 2803 φόνον
