2018 3117
1645 108 1745 159 397

160 253 407 327 ἀδελφὸν
442 251 776 325 ἀπέπεμψεν.
827 249 886 318 ὃς
923 255 1011 308 καὶ
1049 251 1402 322 πλανώμενος
1445 243 1623 322 ἦλθεν
1672 255 1748 315 εἰς

147 338 343 412 ’Ἁργος
366 340 458 394 καὶ
481 338 582 410 τὴν
604 344 704 394 τοῦ
728 340 993 409 βασιλέως
1016 334 1315 409 Ἀδράστου
1350 334 1538 406 λαβών
1561 344 1747 406 θυγα-

159 427 288 495 τέρα
325 429 512 479 πείθει
557 422 654 478 τὸν
699 420 972 493 κηδεστὴν
1010 421 1361 494 συνάρασθαι
1395 420 1572 491 τούτῳ
1609 419 1746 490 πρὸς

159 507 260 579 τὴν
284 514 376 578 τῆς
407 512 684 579 βασιλείας
709 505 1010 577 ἀνάληψιν,
1047 507 1139 561 καὶ
1174 511 1434 575 πλείστην
1470 501 1606 575 ὅσην
1640 527 1747 558 πα-

160 591 420 665 ραλαβών
447 589 707 663 στρατιὰν
730 589 1105 661 ἐπιστρατεύει
1132 594 1207 664 τῷ
1232 587 1473 663 ἀδελφῷ.
1512 585 1659 652 ὅπως
1684 588 1745 644 δὲ
1770 601 1794 640 5

160 674 192 747 ἡ
223 676 397 748 μήτηρ
424 679 695 732 ἐθέλουσα
718 673 823 746 πρὸ
852 680 948 744 τῆς
971 680 1288 746 συμπλοκῆς
1313 673 1596 739 διαλλάξαι
1619 671 1748 737 τοὺς

161 766 358 825 παῖδας
387 759 554 816 οὐδὲν
592 768 808 830 ἴσχυσε,
845 760 937 813 καὶ
973 755 1045 822 ὠς
1074 765 1266 830 ἔχρησε
1301 764 1598 828 Τειρεσίας,
1637 762 1688 812 εἰ
1719 754 1747 813 ὁ

160 848 436 916 Κρέοντος
469 843 589 909 υίὸς
613 841 928 907 Μενοικεὺς
954 840 1137 898 ἀνέλοι
1163 841 1362 898 ἑαυτὸν
1393 844 1481 897 ἐπὶ
1515 840 1613 898 τὸν
1647 848 1747 897 τοῦ

162 930 458 1001 δράκοντος
504 927 748 1001 φωλεόν,
802 926 1095 998 κρατήσειν
1143 923 1407 997 Ἀργείων
1452 932 1746 998 Θηβαίους,

161 1017 253 1069 καὶ
279 1010 350 1078 ὦς
380 1016 571 1085 γέγονε
599 1018 800 1082 ταῦτα,
831 1013 921 1066 καὶ
958 1015 1011 1066 οἰ
1043 1017 1153 1066 τῶν
1183 1009 1448 1083 Ἀργείων
1485 1008 1751 1083 ἡγεμόνες
1765 1026 1816 1066 10

162 1097 476 1154 πεπτώκασι
500 1097 698 1161 πάντες
722 1095 867 1168 πλὴν
901 1093 1230 1167 Ἀδράστου,
1268 1098 1360 1152 καὶ
1397 1092 1468 1160 ὦς
1505 1119 1749 1166 μονομα-

160 1182 422 1253 χήσαντες
470 1180 605 1254 πρὸς
651 1179 918 1252 ἀλλήλους
957 1177 1233 1252 Ἐτεοκλῆς
1277 1183 1370 1236 καὶ
1405 1187 1749 1252 Πολυνείκης

165 1264 262 1322 ὑπ’
301 1265 551 1338 ἀλλήλων
578 1266 825 1336 ἑκάτεροι
854 1262 1235 1337 ἀνῃρέθησαν,
1275 1268 1368 1321 καὶ
1403 1263 1473 1331 ὠς
1507 1268 1749 1321 ἐλθοῦσα

164 1350 299 1423 πρὸς
334 1349 537 1415 αὐτοὺς
567 1348 804 1422 Ἰοκάστη
844 1352 935 1405 καὶ
969 1349 1307 1421 τεθνηκότας
1343 1348 1586 1422 εὑροῦσα
1611 1368 1750 1406 συν-

162 1438 478 1507 απέσφαξεν
495 1435 712 1506 ἑαυτήν,
741 1437 831 1490 καὶ
859 1432 930 1499 ὡς
942 1437 1140 1507 Κρέων
1164 1432 1442 1505 ἁψάμενος
1467 1440 1560 1506 τῆς
1584 1432 1749 1506 ἀρχῆς
1767 1450 1814 1490 15

157 1517 442 1590 Ἐτεοκλῆν
477 1520 578 1590 μὲν
610 1520 836 1590 θάπτει,
871 1526 1224 1591 Πολυνείκην
1260 1519 1321 1574 δὲ
1356 1517 1570 1591 ἄταφον
1602 1528 1749 1575 εἰάσε

162 1606 255 1660 καὶ
283 1608 556 1659 Οἰδίπουν
580 1610 672 1675 τῆς
697 1603 905 1669 πόλεως
932 1603 1179 1675 ἐξήλασε,
1217 1604 1393 1660 πάντα
1426 1609 1599 1659 ταῦτα
1629 1602 1750 1660 Εὐ-

162 1693 383 1760 ριπίδης
409 1692 571 1744 ἔνδον
599 1687 735 1744 κατὰ
761 1686 961 1744 λεπτὸν
987 1692 1271 1760 διηγεῖται.
1299 1694 1410 1744 ἔστι
1435 1689 1496 1745 δὲ
1519 1686 1579 1743 τὸ
1605 1711 1749 1759 παρ-

164 1770 229 1828 ὸν
268 1777 447 1845 δρᾶμα
481 1778 592 1828 τῶν
630 1770 770 1843 ἄγαν
805 1774 1121 1845 ἐξαιρέτων,
1159 1778 1430 1838 διανοίαις
1473 1774 1566 1829 καὶ
1599 1774 1748 1844 γνώ-

164 1880 287 1928 μαις
336 1864 561 1921 πολλαῖς
607 1859 698 1913 καὶ
745 1865 935 1922 καλαῖς
968 1859 1061 1913 καὶ
1100 1863 1371 1923 ποικίλαις
1409 1856 1625 1914 ἀνθοῦν
1660 1862 1817 1916 καὶ20

162 1947 527 2013 μεταχειρίσει
557 1938 751 2014 ἀρίστῃ
777 1944 868 1998 καὶ
895 1940 986 1998 διὰ
1010 1941 1233 1998 πάντων
1269 1940 1535 2015 ἀκμάζον,
1577 1947 1628 1998 εί
1657 1948 1749 2001 καὶ

164 2023 444 2081 ἀπίθανον
479 2031 588 2096 ἔχει
627 2025 728 2097 τὴν
773 2033 848 2092 εἰς
887 2026 1069 2098 Θήβας
1097 2034 1480 2093 Πολυνείκους
1511 2033 1745 2085 εἴσοδον.

164 2112 554 2181 ἐπιγέγραπται
578 2110 638 2166 δὲ
664 2108 768 2167 άπὸ
799 2117 896 2167 τοῦ
918 2117 1088 2183 χοροῦ
1111 2108 1428 2183 Εὐριπίδου
1459 2120 1748 2170 Φοίνισσαι

164 2192 300 2263 πρὸς
325 2192 744 2266 άντιδιαστολὴν
784 2201 895 2251 τῶν
931 2194 1065 2252 ἑπτὰ
1101 2197 1190 2252 ἐπὶ
1228 2197 1411 2269 Θήβας
1445 2198 1744 2268 Αἰσχύλου.

164 2278 334 2351 ταύτῃ
359 2278 462 2351 γὰρ
501 2285 566 2353 τῇ
591 2276 858 2337 ὑποθέσει
891 2278 1144 2346 κάκεῖνος
1180 2287 1374 2354 χρῆται
1409 2286 1469 2338 ἐν
1504 2288 1580 2357 τῷ
1616 2287 1813 2339 &ev-25

165 2365 318 2437 τέρῳ.
350 2361 517 2429 αὐτὰς
558 2364 618 2420 δὲ
654 2363 748 2430 τὰς
782 2368 1101 2436 παρθένους
1134 2368 1193 2421 ἐκ
1229 2372 1491 2438 Φοινίκης
1518 2364 1747 2439 Ἀγηνο-

164 2451 313 2517 ρίδαι
337 2455 547 2504 θυσίαν
571 2454 646 2524 τῷ
663 2446 965 2504 Ἀπόλλωνι
980 2455 1244 2520 ἔπεμψαν,
1272 2455 1473 2516 αἵτινες
1496 2453 1589 2507 καὶ
1612 2451 1747 2524 πρὸς

163 2529 423 2602 Δελφοὺς
449 2533 735 2605 ἐρχόμεναι
759 2536 1071 2606 παρέβαλον
1093 2546 1208 2599 ταῖς
1235 2534 1439 2607 Θήβαις
1457 2533 1549 2592 διὰ
1572 2535 1631 2592 τὸ
1655 2539 1747 2593 καὶ

163 2613 260 2670 τὸν
289 2615 540 2689 Κάδμον,
568 2615 640 2683 ὡς
666 2624 904 2689 ἔφημεν,
930 2620 988 2673 ἐκ
1017 2624 1280 2690 Φοινίκης
1307 2620 1474 2692 εἶναι,
1514 2623 1608 2676 καὶ
1645 2645 1747 2677 κα-

163 2700 493 2770 ταλαβόντος
533 2708 632 2758 τοῦ
670 2703 909 2773 πολέμου
945 2699 1378 2776 ἠναγκάσθησαν
1415 2708 1604 2777 μένειν
1643 2702 1813 2768 αὗ··30

165 2784 318 2854 τόθι,
347 2787 533 2858 μέχρις
557 2783 627 2842 ἂν
651 2784 683 2858 ἡ
709 2786 848 2858 μάχη
873 2786 1121 2859 λωφήσῃ.
