2018 3117
215 112 283 164 68

218 1364 314 1417 ΙΦ.

587 114 967 161 ΙΦΙΓΕΝΕΙΑ
1003 114 1061 159 Η
1089 115 1187 160 ΕΝ
1227 115 1526 161 ΤΑΥΡΟΙΣ

408 260 556 319 τίνος
583 257 641 309 ἐκ
666 260 778 309 τῶν
805 251 1056 326 εὐόλβων
1075 252 1267 326 ’Ἀργει

408 340 683 412 βασιλέων
709 335 876 411 άρχά;

405 424 614 496 μόχθος
640 421 693 478 δ’
725 426 784 479 ἐκ
809 424 1039 496 μόχθων
1064 421 1219 499 ᾄσσει

409 507 762 574 δινευούσαις
786 513 970 575 ἵπποις
993 522 1223 574 πταναῖς
1238 528 1248 538 ·

408 591 641 661 άλλάξας
665 591 718 649 δ’
750 597 801 661 ἐξ
829 597 992 666 ἕδρας

411 678 563 752 ἱερὸν
597 685 622 714 *
645 686 671 713 *
705 676 834 751 ὄμμ’
866 676 1040 751 αὐγᾶς

409 762 578 830 ἅλιος.
605 761 795 830 ἄλλαις
821 762 874 820 δ’
905 761 1043 820 ἄλλα
1071 766 1314 836 προσέβα

405 852 640 921 χρυσέας
666 848 834 920 άρνὸς
859 849 1160 921 μελάθροις
1184 846 1377 920 ὀδύνα,

409 935 580 1007 φόνος
608 937 696 991 ε’πὶ
723 935 879 1009 φόνῳ
896 979 909 1005 ,
937 932 1068 1006 ἄχεά
1091 931 1128 988 τ’
1162 931 1375 1004 ἄχεσιν·

409 1026 579 1077 ἔνθεν
607 1027 719 1076 τῶν
744 1020 996 1092 πρόσθεν
1026 1022 1356 1090 δμαθέντων

414 1111 761 1162 Τανταλιδᾶν
787 1109 1032 1176 ἐκβαίνει
1061 1103 1226 1160 ποινά
1250 1102 1302 1175 γ’

408 1196 483 1256 εἰς
508 1200 719 1256 οἴκους·
747 1190 978 1247 σπεύδει
1005 1186 1059 1245 δ’
1088 1186 1431 1244 ἀσπούδαστ’

407 1278 496 1332 ἐπὶ
521 1278 609 1332 σοὶ
635 1281 867 1346 δαίμων.

405 1364 456 1427 ἐξ
483 1358 651 1433 άρχᾶς
674 1384 766 1431 μοι
792 1364 1118 1430 δυσδαίμων

409 1450 624 1518 δαίμων
650 1452 744 1511 τᾶς
772 1444 975 1517 ματρὸς
1001 1444 1173 1512 ζώνας

407 1534 500 1587 καὶ
524 1530 725 1596 νυκτὸς
750 1537 966 1596 κείνας·
1005 1533 1056 1596 ἐξ
1083 1526 1250 1599 ἀρχᾶς

407 1617 585 1688 λόχιαι
610 1616 846 1689 στερρὰν
870 1620 1130 1672 παιδείαν

406 1709 620 1774 ,Μοῖραι
644 1707 1036 1757 συντείνουσιν
1062 1708 1209 1770 θεαί,

407 1785 442 1841 ἁ
465 1783 862 1859 μναστευθεϊσ’
892 1787 943 1852 ἐξ
973 1782 1268 1855 Ἑλλάνων,

407 1867 478 1927 ἂν
500 1871 856 1944 πρωτόγονον
879 1870 1051 1935 θάλος
1075 1874 1134 1926 ἐν
1159 1869 1428 1942 θαλάμοις

405 1957 591 2028 Λήδας
615 1955 649 2012 ἁ
672 1956 892 2028 τλάμων
918 1955 1093 2027 κούρα

408 2042 648 2114 σφάγιον
680 2041 905 2117 πατρῴα
931 2041 1083 2115 λώβα

405 2129 498 2183 καὶ
522 2124 651 2199 θῦμ’
682 2124 783 2183 οὐκ
811 2123 1125 2198 εὐγάθητον

407 2219 618 2283 ἔτεκεν,
647 2219 905 2283 ἔτρεφεν,
934 2209 1195 2268 εὐκταίαν

412 2302 647 2362 ἱππείοις
673 2301 733 2353 ἐν
763 2302 1049 2368 δίφροισιν

406 2383 687 2454 ψαμάθων
710 2380 957 2448 Αὐλίδος
984 2386 1253 2453 ἐπιβᾶσαν

407 2469 663 2540 νύμφαν,
692 2476 865 2539 οἴμοι,
893 2468 1228 2538 δύσνυμφον

406 2559 481 2628 τῷ
507 2559 598 2617 τᾶς
622 2554 856 2624 Νηρέως
879 2552 1111 2625 κούρας,
1139 2556 1268 2606 αἰαῖ.

406 2645 514 2694 νῦν
541 2636 592 2693 δ’
626 2635 846 2704 ἀξείνου
872 2638 1080 2693 πόντου
1106 2639 1257 2703 ξείνα

409 2723 748 2794 δυσχόρτους
773 2730 960 2788 οἴκους
984 2727 1122 2777 ναίω

409 2805 616 2880 ἄγαμος
671 2805 927 2876 ἄτεκνος,
955 2803 1150 2870 ἄπολις
1207 2802 1422 2877 ἄφιλος,
1481 2862 1498 2881 ἱ,

408 2890 476 2949 οὐ
501 2891 602 2949 τὰν
620 2889 812 2964 ’Ἀργει
835 2888 1103 2964 με’λπουσ’
1133 2887 1314 2961 ’Ἠραν

1800 355 1882 401 190

1800 779 1883 824 195

1801 1970 1884 2014 210

1801 2394 1881 2437 215
