2018 3117
229 82 328 133 452
842 82 1223 129 ΦΟΙΝΙΣΣΑΙ

419 221 539 280 ἀλλ’
572 229 647 294 εἰς
672 220 886 278 ἅπαντα
913 219 1185 291 δυστυχὴς
1209 226 1374 292 ἔφυς,
1407 226 1596 295 πάτερ.

421 306 556 379 ἀτὰρ
582 305 632 363 σ’
662 310 847 380 ἐρωτῶ
874 305 971 362 τὸν
1000 307 1197 361 νεωστὶ
1223 312 1487 377 κοίρανον
1506 326 1517 336 ·

420 400 476 448 τί
495 402 848 464 θεσμοποιεῖς
872 393 961 447 ἐπὶ
984 390 1313 466 ταλαιπώρῳ
1338 399 1519 466 νεκρῷ
1539 417 1553 459 ;
1782 408 1889 452 1645

231 487 339 536 KP.
410 477 753 542 Ἐτεοκλέους
777 472 1134 548 βουλεύματ’,
1163 473 1261 546 οὐχ
1287 474 1443 547 ἡμῶν
1466 476 1612 532 τάδε.

230 571 354 620 AN.
425 586 645 635 αφρονα
672 584 761 633 γε,
789 563 883 617 καὶ
907 559 977 617 σὺ
1006 569 1189 632 μῶρος
1212 557 1271 626 ὃς
1311 564 1512 616 ἐπίθου
1554 562 1700 618 τάδε.

229 657 339 705 ΚΡ.
416 645 957 717 πως;τάντεταλμέν
971 643 1039 702 οὐ
1066 651 1285 702 δίκαιον
1310 649 1592 714 ἐκπυνεῖν;

230 741 355 790 AN.
425 731 556 801 οὔκ,
583 729 654 805 ἦν
678 755 894 803 πονηρα
919 728 974 803 γ’
1004 724 1039 804 ᾗ
1066 737 1248 796 κακῶς
1275 729 1322 786 τ’
1356 734 1631 803 εἰρημένα.

229 826 341 875 ΚΡ.
416 825 475 873 τί
499 815 583 885 6'3
611 814 678 873 οὐ
706 822 933 882 δικαίως
959 814 1054 873 όδε
1078 819 1243 872 κυσιν
1269 817 1597 889 δοθήσεται·
1584 861 1598 884 ,
1786 830 1897 874 1650

230 911 356 960 AN.
429 901 532 959 οὐκ
558 908 793 974 ἔννομον
817 901 921 974 γὰρ
947 901 1048 973 τὴν
1074 906 1238 974 δίκην
1263 903 1587 971 πράσσεσθέ
1607 926 1714 958 νιν.

232 996 343 1045 KP.
422 997 575 1059 εἴπερ
603 1012 665 1059 γε
690 988 901 1052 πόλεως
929 985 1127 1058 ἐχθρὸς
1151 989 1248 1058 ἡν,
1277 989 1587 1057 ἐχθαρτέος.

230 1082 357 1130 AN.
428 1077 639 1130 οὔκουν
665 1079 838 1129 ἑδωκε
863 1078 928 1145 τῇ
954 1072 1090 1144 τύχῃ
1112 1070 1208 1127 τὸν
1234 1077 1498 1143 δαίμονας

231 1167 343 1216 KP.
419 1160 510 1215 καὶ
537 1164 611 1233 τῷ
638 1159 795 1232 τάφῳ
827 1181 935 1214 νυν
959 1155 1060 1227 τὴν
1086 1161 1251 1228 δίκην
1275 1159 1613 1228 παρασχέτω.

235 1252 357 1303 AN.
425 1250 484 1300 τί
507 1244 923 1315 πλημμελήσας,
955 1241 1015 1298 τὸ
1040 1244 1204 1314 μέρος
1230 1247 1280 1298 εἰ
1300 1249 1542 1314 μετῆλθε
1570 1249 1700 1314 γῆςς
1789 1257 1897 1300 1655

234 1337 343 1386 KP.
422 1327 630 1401 ἄταφος
656 1326 741 1384 ὅδ’
777 1327 944 1401 ἁνήρ,
973 1324 1045 1392 ὡς
1069 1328 1279 1401 μάθῃς,
1310 1327 1615 1399 γενήσεται.

232 1422 359 1471 AN.
428 1414 534 1486 ἐγώ
557 1432 664 1485 σφε
687 1414 882 1484 θάψω,
911 1408 1015 1469 κᾶν
1042 1410 1323 1485 ἀπεννέπῃ
1348 1413 1521 1478 πόλις.

232 1507 344 1557 ΚΡ.
424 1499 635 1571 σαυτὴν
663 1496 753 1571 ἄρ’
785 1497 948 1571 ἐγγὺς
976 1503 1116 1572 τῷδε
1141 1498 1452 1565 συνθάψεις
1475 1504 1674 1574 νεκρῷ.

233 1593 360 1643 AN.
430 1582 551 1640 ἀλλ’
584 1582 804 1650 εὐκλεές
829 1608 912 1640 τοι
941 1584 1044 1639 δύο
1072 1590 1217 1655 φίλω
1243 1592 1464 1639 κεῖσθαι
1492 1586 1674 1649 πέλας.

237 1678 345 1727 ΚΡ.
424 1670 665 1738 λάζυσθε
689 1670 855 1741 τήνδε
885 1675 997 1734 κείς
1022 1668 1227 1739 δόμους
1251 1675 1510 1740 κομίζετε.
1790 1681 1896 1726 1660

244 1762 361 1814 AN.
432 1753 498 1811 οὐ
527 1753 669 1827 δῆτ’,
702 1757 820 1811 ἐπεὶ
846 1751 1002 1811 τοῦδ’
1033 1751 1099 1809 οὐ
1124 1754 1438 1825 μεθήσομαι
1462 1759 1687 1823 νεκροῦ.

241 1849 346 1897 ΚΡ.
426 1839 600 1911 ἔκριν’
629 1839 657 1897 ὁ
684 1846 924 1912 δαίμων,
952 1836 1212 1909 παρθέν’,
1238 1835 1338 1909 οὐχ
1365 1836 1397 1894 δι’
1426 1840 1513 1894 σοὶ
1538 1843 1707 1894 δοκεῖ.

240 1934 361 1986 AN.
433 1923 655 1982 κάκεῖνο
686 1928 958 1997 κέκριται,
987 1924 1476 1996 μὴέφυβρίζεσθαι
1500 1923 1749 1995 νεκρούς.

237 2019 348 2069 ΚΡ.
429 2009 500 2076 ὡς
527 2008 677 2076 οὔτις
703 2009 845 2082 ἀμφὶ
874 2008 1007 2085 τῷδ’
1037 2007 1218 2080 ὑγρὰν
1243 2010 1408 2080 θήσει
1431 2009 1605 2065 κόνιν.

236 2104 363 2154 ΛΝ.
430 2097 523 2152 ναὶ
550 2096 685 2168 πρός
710 2115 770 2152 σε
796 2101 960 2166 τῆσδε
985 2094 1186 2166 μητρὸς
1207 2091 1504 2166 Ἰοκάστης,
1531 2095 1730 2166 Κρέον.
1796 2106 1903 2149 1665

236 2189 349 2239 KP.
427 2181 625 2253 μάταια
649 2190 900 2253 μοχθεῖς·
928 2178 995 2236 οὐ
1023 2180 1127 2251 γὰρ
1154 2175 1223 2235 ἂν
1246 2180 1429 2251 τύχοις
1453 2178 1600 2234 τάδε.

236 2274 363 2325 AN.
434 2266 504 2322 σὺ
535 2264 584 2322 δ’
615 2264 753 2322 ἀλλὰ
778 2272 957 2340 νεκρῷ
984 2263 1188 2336 λουτρὰ
1216 2271 1537 2336 περιβαλεῖν
1562 2261 1620 2334 μ’
1655 2269 1734 2319 ἔα.

238 2360 350 2410 ΚΡ.
431 2349 493 2408 ἓν
517 2349 665 2408 τοῦτ’
694 2348 763 2407 ἂν
790 2360 873 2422 εἴη
899 2356 1010 2406 τῶν
1035 2347 1364 2422 ἀπορρήτων
1389 2349 1563 2405 πόλει.

238 2445 365 2495 AN.
437 2434 562 2493 αλλ’
599 2435 743 2539 &aspa
767 2432 1033 2508 τραύματ’
1067 2432 1233 2507 ἄγρια
1257 2441 1575 2506 τελαμωνας
1599 2440 1808 2506 βαλεῖν.

239 2529 351 2580 ΚΡ.
431 2546 533 2578 ουκ
561 2519 683 2579 ἔσθ’
713 2545 860 2587 οπως
883 2539 953 2577 συ
979 2521 1140 2577 τόνδε
1166 2520 1408 2592 τιμήσεις
1432 2522 1621 2575 νέκυν.
1795 2529 1904 2574 1670

240 2615 366 2665 AN.
425 2609 478 2663 τό
507 2605 747 2679 φίλτατ’,
775 2605 912 2663 ἄλλα
937 2607 1107 2677 στόμα
1132 2628 1194 2677 γε
1219 2604 1321 2661 σὸν
1344 2603 1776 2675 προσπτύξομαι.

242 2700 351 2749 ΚΡ.
430 2690 533 2749 οὐκ
561 2698 637 2758 εἰς
661 2716 870 2765 γαμους
899 2710 1031 2756 σους
1051 2714 1346 2763 συμφοραν
1376 2689 1562 2761 κτήσει
1588 2689 1754 2761 γόοις.

240 2785 367 2834 AN.
432 2770 467 2849 ἦ
490 2802 594 2849 γαρ
619 2784 898 2850 γαμοῦμαι
924 2782 1066 2844 ζῶσα
1091 2777 1247 2832 παιδὶ
1271 2794 1347 2831 σω
1375 2797 1534 2831 ποτε·
1523 2819 1535 2842 ,

435 2899 482 2938 τί
509 2892 643 2939 τόνδ’
677 2890 876 2953 υβρίζεις
909 2891 1076 2949 πατέρ’
1109 2890 1403 2936 ἀποστέλλων
1434 2889 1638 2948 χθονόςς
1801 2891 1907 2932 1644
