2018 3117
115 508 220 558 ΟΡ.

112 594 228 642 ΠΤ.

108 1687 213 1737 ΟΡ.

473 111 844 160 ῘΦΙΓΕΝΕΙΑ
878 114 937 160 Η
965 116 1066 162 ΕΝ
1102 118 1398 166 ΤΑΥΡΟΙΣ
1701 121 1766 173 83

301 249 443 321 πλὴν
471 252 557 306 ἕν
584 249 650 306 τὰ
673 250 777 351 γάρ
798 271 880 307 τοι
905 255 1178 324 βασιλέων·
1201 258 1499 328 παθήματα
1682 275 1765 319 670

303 343 450 391 ἴσασι
476 335 700 406 πάντες,
730 338 808 391 ὠν
833 339 1135 410 ἐπιστροφή
1161 364 1240 405 τις
1265 343 1353 412 ἠν.

302 416 437 489 άτὰρ
465 423 700 490 διῆλθον
723 417 956 492 χάτερον
982 421 1149 493 λόγον
1173 425 1312 480 τινά.

301 500 409 558 τίν’
429 529 443 571 ;
475 509 550 568 εἰς
573 503 632 559 τὸ
658 503 849 559 κοινὸν
875 503 1007 569 δοῦς
1031 505 1259 577 ἄμεινον
1283 506 1352 565 ἂν
1374 511 1589 581 μάθοις.

299 586 527 658 αἰσχρὸν
550 587 822 653 θανόντος
847 595 948 644 σοῦ
972 593 1197 660 βλέπειν
1222 590 1358 664 ἡμᾶς
1384 595 1540 667 φάος,

303 678 462 744 κοινῇ
485 695 543 727 τε
569 676 828 742 πλεύσας,
861 677 951 729 δεῖ
970 697 1037 744 με
1061 678 1154 730 καὶ
1178 684 1338 750 κοινῇ
1362 688 1563 735 θανεῖν
1677 695 1758 739 675

297 758 388 812 καὶ
413 761 624 811 δειλίαν
647 755 751 828 γὰρ
778 759 869 812 καὶ
893 755 1069 829 κάκην
1093 761 1424 833 κεκτήσομαι

281 837 471 911 ’Ἀργει
496 863 551 895 τε
577 843 819 897 Φωκέων
842 838 893 896 τ’
922 845 980 898 ἐν
1010 845 1339 920 πολυπτύχῳ
1363 855 1545 918 χθονί,

298 925 436 992 δόξω
462 924 522 980 δε
546 938 658 990 τοῖς
682 932 948 996 πολλοῖσι,
975 931 1170 984 πολλοὶ
1194 954 1299 1002 γαρ
1326 938 1503 1001 κακοί,

297 1008 538 1082 προδούς
565 1028 648 1081 σε,
678 1014 877 1077 σωθεὶς
898 1011 949 1067 δ’
975 1013 1141 1078 αύτος
1163 1019 1238 1078 εἰς
1260 1022 1448 1079 οἴκους
1469 1020 1636 1085 μόνος

297 1090 331 1163 ἦ
355 1118 446 1149 και
472 1095 748 1166 φονεύσας
773 1098 862 1152 ἐπι
884 1103 1115 1154 νοσοῦσι
1141 1098 1354 1170 δώμασι
1673 1115 1753 1159 680

296 1178 463 1246 ῥάψαι
486 1178 659 1251 μόρον
685 1198 771 1235 σοι
796 1187 892 1251 σῆς
915 1188 1245 1253 τυραννίδος
1268 1184 1447 1255 χάριν,

294 1267 565 1364 ἔγκληρον
608 1287 680 1328 ως
705 1264 771 1335 δὴ
796 1264 900 1336 σὴν
927 1268 1263 1339 κασιγνήτην
1287 1292 1498 1340 γαμων

295 1344 450 1401 ταῦτ’
480 1349 583 1402 οῦν
615 1355 898 1450 φοβοῦμαι
924 1352 1016 1405 καὶ
1041 1349 1117 1406 δι’
1147 1352 1452 1423 αἰσχύνης’
1433 1359 1553 1425 έχω,

293 1427 430 1486 κούκ
457 1429 580 1487 ε”σθ
610 1427 757 1496 όπως
784 1431 851 1488 ού
876 1434 976 1505 χρὴ
1003 1443 1418 1492 συνεκπνεῦσαί
1436 1442 1505 1509 μέ
1526 1457 1614 1496 σοι

295 1516 387 1569 καὶ
412 1522 765 1586 συσφαγῆναι
791 1519 881 1573 καὶ
907 1527 1240 1591 πυρωθῆναι
1266 1524 1447 1593 δέμας,
1672 1538 1753 1583 685

295 1604 463 1670 φίλον
487 1605 700 1671 γεγῶτα
723 1603 816 1656 καὶ
841 1603 1195 1673 φοβούμενον
1219 1605 1412 1676 ψόγον.

295 1680 518 1754 εὔφημα
544 1683 720 1755 φώνει
741 1703 752 1714 ·
779 1683 921 1756 τάμὰ
947 1691 1035 1742 δεῖ
1057 1691 1250 1759 φέρειν
1280 1694 1396 1760 ἐμέ·

289 1773 464 1832 απλᾶς
489 1768 550 1823 δὲ
574 1768 748 1834 λύπας
774 1770 922 1841 ἐξόν,
949 1769 1051 1827 οὐκ
1076 1781 1207 1828 οἴσω
1236 1778 1446 1840 διπλᾶς.

290 1848 321 1907 ὃ
346 1851 450 1924 γὰρ
477 1851 547 1908 σὺ
573 1860 789 1925 λυπρὸν
812 1852 1230 1913 κάπονείδιστον
1254 1861 1447 1929 λέγεις,

288 1934 443 1992 ταῦτ’
474 1941 620 1993 ἔστιν
644 1935 801 2009 ἡμῖν,
831 1948 886 1995 εἴ
912 1961 971 1995 σε
997 1941 1409 2012 συμμοχθοῦντ’
1440 1946 1558 2016 ἐμοὶ
1667 1959 1750 2003 690

289 2027 461 2076 κτενῶ
478 2040 489 2050 ·
516 2020 575 2077 τὸ
601 2022 702 2093 μὲν
726 2022 830 2096 γὰρ
859 2029 933 2089 εἰς
958 2022 1043 2096 ἔμ’
1073 2023 1140 2081 ού
1165 2034 1344 2091 κακῶς
1370 2034 1499 2098 ἔχει,

287 2104 600 2177 πράσσονθ’
630 2103 664 2162 ὁὶ
697 2106 923 2180 πράσσω
949 2109 1084 2183 πρὸς
1108 2117 1288 2182 θεῶν,
1317 2119 1497 2168 λιπεῖν
1521 2119 1661 2186 βίον.

287 2189 356 2245 σύ
384 2188 438 2246 δ’
467 2188 652 2262 ὄλβιός
675 2188 723 2246 τ’
754 2192 804 2248 εἶ
825 2194 1047 2266 καθαρά
1070 2192 1119 2250 τ’
1146 2193 1214 2252 οῦ
1239 2195 1497 2253 νοσοῦντ’
1539 2204 1676 2269 ἔχεις

287 2272 543 2346 μέλαθρ’,
570 2274 675 2347 ἐγω
701 2277 762 2333 δὲ
788 2282 1028 2350 δυσσεβῆ
1055 2282 1147 2336 καὶ
1170 2285 1429 2353 δυστυχῆ.

288 2361 491 2424 σωθεὶς
516 2360 577 2416 δὲ
602 2366 799 2427 παῖδας
823 2366 874 2429 ἐξ
901 2367 1029 2434 ε’μῆς
1054 2362 1369 2437 ὁμοσπόρου
1664 2379 1748 2424 695

285 2443 638 2516 κτησάμενος,
665 2443 735 2517 ἣν
759 2447 939 2503 ἔδωκά
963 2467 1048 2504 σοι
1075 2447 1304 2520 δάμαρτ’
1334 2456 1495 2521 ἔχειν,

285 2523 464 2600 ὄνομά
487 2527 538 2584 τ’
567 2532 701 2600 ἐμοῦ
725 2530 931 2602 γένοιτ’
968 2530 1064 2603 ἄν,
1094 2531 1218 2589 οὐδ’
1247 2531 1409 2599 ἅπαις
1433 2534 1599 2606 δόμος

285 2619 534 2687 πατρῷος
560 2611 729 2684 οὑμὸς
755 2619 1105 2689 ἐξαλειφθείη
1132 2616 1256 2674 ποτ’
1289 2616 1374 2674 ἄν.

285 2691 406 2750 ἀλλ’
437 2700 568 2768 ἕρπε
592 2701 683 2754 καὶ
708 2705 768 2771 ζῆ
793 2703 885 2756 καὶ
908 2701 1111 2772 δόμους
1137 2711 1275 2758 οἴκει
1299 2707 1519 2774 πατρός.

286 2774 419 2834 ὅταν
443 2779 495 2835 δ’
526 2785 579 2847 ἐς
595 2780 810 2839 Ἑλλάδ’
838 2785 1030 2841 ἵππιόν
1054 2784 1105 2841 τ’
1127 2784 1329 2859 ’Ἀργος
1352 2786 1538 2859 μόλῃς,
1661 2798 1742 2842 700

284 2862 422 2932 πρὸς
447 2869 624 2932 δεξιᾶς
647 2886 709 2923 σε
731 2867 888 2939 τῆσδ’
918 2870 1228 2941 ἐπισκήπτω
1248 2870 1439 2979 τάδε·λί

1370 2951 1402 3000 6
