2018 3117
136 902 245 952 XO.

130 1154 256 1204 ME.

133 1658 243 1707 EA.

128 1827 243 1876 EK.

133 1996 256 2045 ΜΕ.

129 2248 244 2297 ΕΚ.

129 2333 256 2381 ΜΕ.

128 2416 243 2466 EK.

129 2501 255 2551 ME.

808 81 1158 128 ΤΡῼΙΑΔΕΣ
1673 79 1774 130 379

315 218 385 294 ἢν
408 227 546 293 χρῆν
569 218 833 291 ταπεινὴν
860 223 919 275 ἐν
944 221 1166 275 πέπλων
1191 222 1447 292 ἐρειπίοις
1670 236 1773 278 1025

317 311 489 378 φρίκῃ
514 307 821 378 τρέμουσαν
843 300 997 377 κρᾶτ’
1028 301 1515 374 ἀπεσκυθισμένην

317 393 522 460 ἐλθεῖν,
547 388 607 444 τὸ
632 394 859 460 σῶφρον
883 394 976 460 τῆς
1002 385 1281 452 ἀναιδείας
1305 390 1471 444 πλέον

319 480 550 545 ἔχουσαν
575 475 663 529 ἐπὶ
686 485 795 536 τοῖς
819 473 1068 545 πρόσθεν
1091 469 1504 544 ἡμαρτημένοις.

315 555 584 628 Μενέλα’,
612 554 686 612 ἵν’
718 560 866 628 εἰδῇς
892 552 948 612 οἷ
967 556 1272 628 τελευτήσω
1298 556 1481 627 λόγον,

319 642 676 714 στεφάνωσον
692 638 904 695 Ἑλλάδ’
935 637 1095 706 ἀξίως
1118 641 1283 712 τήνδε
1308 639 1526 696 κτανὼν
1669 654 1778 698 1030

321 732 554 795 σαυτοῦ,
579 725 753 795 νόμον
779 723 839 779 δὲ
863 724 1024 780 τόνδε
1047 737 1162 789 ταῖς
1188 722 1403 780 ἄλλαισι
1429 725 1528 791 θὲς

319 812 563 881 γυναιξί,
592 808 861 879 θνήσκειν
885 805 1004 880 ἥτις
1029 805 1097 863 ἂν
1120 814 1308 883 προδῷ
1334 809 1513 865 πόσιν.

313 897 594 963 Μενέλαε,
620 891 910 965 προγόνων
934 889 1094 958 ἀξίως
1119 892 1305 962 δόμων
1331 915 1389 948 τε
1414 900 1527 950 σεόν

316 992 458 1034 τῖσαι
488 977 735 1048 δάμαρτα
760 973 1006 1046 κάφελοῦ
1031 974 1166 1050 πρὸς
1190 974 1443 1042 Ἑλλάδος

317 1062 493 1134 ψόγον
515 1060 575 1117 τὸ
601 1060 750 1132 θῆλύ
779 1058 850 1130 τ’,
881 1058 1110 1133 εὐγενὴς
1136 1064 1356 1134 ἐχθροῖς
1383 1068 1594 1134 φανείς.
1669 1076 1778 1120 1035

317 1150 435 1218 ἐμοὶ
459 1145 527 1202 σὺ
553 1147 947 1216 συμπέπτωκας
974 1151 1048 1211 είς
1073 1142 1274 1201 ταύτὸν
1298 1146 1486 1218 λόγου,

318 1235 578 1294 ἑκουσίως
602 1226 759 1301 τήνδ’
789 1232 847 1284 ἐκ
874 1230 1060 1300 δόμων
1085 1233 1274 1285 ἐλθεῖν
1299 1233 1444 1301 ἐμῶν

319 1318 473 1383 ξένας
498 1318 550 1379 ἐς
577 1312 764 1384 εὐνάς,
791 1311 856 1384 χὴ
882 1314 1097 1385 Κύπρις
1120 1314 1337 1385 κόμπου
1360 1316 1520 1388 χάριν

321 1399 500 1472 λόγοις
525 1402 739 1454 ἐνεῖται.
765 1405 921 1470 βαῖνε
948 1399 1264 1478 λευστήρων
1287 1402 1451 1465 πέλας

319 1484 522 1550 πόνους
547 1480 598 1539 τ’
621 1481 852 1553 Ἀχαιῶν
878 1480 1081 1548 ἀπόδος
1106 1488 1165 1540 ἐν
1188 1490 1364 1560 μικρῷ
1389 1483 1630 1557 μακροὺς
1672 1497 1780 1539 1040

319 1565 577 1638 θανοῦσ’,
605 1565 678 1623 ἵν’
709 1572 856 1639 εἰδῇς
880 1566 951 1639 μὴ
976 1568 1363 1639 καταισχύνειν
1389 1571 1495 1640 ἐμέ.

320 1652 422 1724 μή,
449 1652 585 1725 πρός
610 1671 669 1708 σε
696 1652 972 1723 γονάτων,
998 1651 1099 1723 τὴν
1121 1653 1288 1708 νόσον
1312 1652 1414 1724 τὴν
1436 1659 1548 1709 τῶν
1571 1659 1723 1708 θεῶν

320 1739 582 1809 προσθεὶς
609 1739 726 1807 ἐμοὶ
751 1736 949 1810 κτάνῃς
974 1760 1066 1808 με,
1094 1744 1475 1809 συγγίγνωσκε
1502 1740 1577 1793 δέ.

315 1819 444 1892 μηδ’
474 1819 570 1886 οὓς
595 1819 870 1877 ἀπέκτειν’
900 1819 999 1893 ἥδε
1024 1822 1340 1893 συμμάχους
1365 1827 1580 1897 προδῷς
1597 1841 1607 1851 ·

320 1904 424 1976 ἐγὼ
450 1903 554 1976 πρὸ
579 1912 782 1961 κείνων
808 1907 900 1961 καὶ
923 1908 1132 1962 τέκνων
1156 1924 1216 1961 σε
1241 1913 1510 1978 λίσσομαι.
1669 1918 1778 1962 1045

317 1996 548 2059 παῦσαι,
576 1989 796 2062 γεραιά·
824 1995 988 2062 τῆσδε
1016 1988 1066 2045 δ’
1097 1987 1199 2046 οῦκ
1223 1990 1536 2064 ἐφρόντισα.

319 2076 458 2145 λέγω
486 2073 546 2129 δὲ
569 2073 928 2147 προσπόλοισι
951 2073 1085 2147 πρὸς
1110 2075 1363 2147 πρύμνας
1384 2082 1530 2131 νεῶν

316 2156 472 2229 τήνδ’
502 2161 828 2229 ἐκκομίζειν,
855 2165 996 2214 ἔνθα
1017 2160 1459 2232 ναυστολήσεται.

314 2243 388 2314 μή
411 2266 519 2298 νυν
546 2241 684 2309 νεως
709 2244 795 2298 σοὶ
817 2241 1021 2299 ταύτὸν
1048 2244 1276 2315 είσβήτω
1303 2244 1525 2315 σκάφος.

317 2334 375 2383 τί
393 2324 445 2382 δ’
475 2333 617 2395 ἐ’στι;
648 2334 831 2398 μεῖζον
856 2335 1053 2399 βρῖθος
1076 2324 1112 2398 ἢ
1136 2325 1366 2399 πάροιθ’
1397 2334 1532 2398 ἔχει;
1668 2342 1780 2383 1050

317 2409 418 2466 οῦκ
443 2409 552 2467 ἔστ’
580 2411 806 2483 ἐραστὴς
834 2409 980 2475 ὅστις
1003 2408 1104 2467 οῦκ
1131 2409 1215 2466 ἀεὶ
1240 2419 1405 2483 φιλεῖ.

317 2491 463 2560 ὅπως
487 2491 556 2551 ἂν
580 2499 712 2568 ἐκβῇ
737 2501 848 2550 τῶν
873 2498 1163 2567 ἐρωμένων
1188 2493 1215 2551 ὅ
1246 2502 1395 2561 νοῦς.

319 2584 467 2634 ἔσται
490 2576 543 2635 δ’
574 2577 609 2635 ὁὶ
631 2580 847 2651 βούλει·
873 2585 1017 2634 ναῦν
1040 2578 1143 2651 γὰρ
1170 2576 1273 2635 οῦκ
1299 2581 1606 2652 εἰσβήσεται

318 2668 393 2727 εἰς
414 2660 588 2735 ἥνπερ
611 2662 765 2736 ἡμεῖς
780 2682 791 2692 ·
819 2665 910 2718 καὶ
933 2661 1036 2736 γὰρ
1061 2661 1128 2719 οῦ
1156 2671 1335 2730 κακῶς
1357 2667 1535 2736 λέγεις
1551 2684 1561 2694 ·

315 2749 558 2804 ἐλθοῦσα
580 2746 847 2821 δ”ᾎργος
872 2745 1052 2819 ὥσπερ
1080 2746 1201 2815 ἀξία
1223 2756 1404 2814 κακῶς
1668 2763 1777 2804 1055

314 2829 452 2902 κακὴ
480 2840 733 2888 θανεῖται
756 2833 847 2887 καὶ
868 2833 1085 2904 γυναιξὶ
1110 2847 1422 2906 σωφρονεῖν
