2018 3117
269 103 367 152 268
923 102 1239 148 ΟΡΕΣΤΗΣ

269 250 398 299 ME.
459 248 647 298 ἔασον·
680 244 740 296 ἐν
767 242 982 315 ἐμαυτῷ
1011 263 1062 295 τι
1090 239 1512 312 συννοούμενος,

463 322 588 382 ὅποι
613 325 901 396 τράπωμαι
928 330 1021 395 τῆς
1047 323 1212 395 τύχης
1243 321 1519 396 ἀμηχανῶ.
1845 340 1929 385 635

274 419 380 467 ΟΡ.
454 410 528 483 μή
556 433 665 466 νυν
690 411 917 478 πέραινε
945 407 1047 481 τὴν
1073 408 1330 480 δόκησιν,
1362 407 1483 464 ἀλλ’
1513 410 1676 482 ἐμους

459 495 657 566 λόγους
687 491 929 560 ἄκουσας
959 493 1201 566 πρόσθε,
1227 493 1505 564 βουλεύου
1529 495 1666 551 τότε.

276 588 398 638 ME.
453 578 600 651 λέγ’·
630 581 692 635 εὐ
724 577 827 651 γὰρ
857 579 1023 644 εἶπας.
1059 586 1171 634 ἔστι
1202 575 1254 633 δ’
1285 579 1352 633 οὐ
1381 577 1504 650 σιγὴ
1534 579 1704 651 λόγου

462 671 735 737 κρείσσων
765 661 971 736 γένοιτ’
1006 660 1102 733 ἄν,
1135 669 1247 719 ἐστι
1275 660 1327 718 δ’
1359 664 1426 718 οὐ
1452 670 1608 735 σιγῆς
1633 664 1809 736 λόγος.

274 758 379 807 ΟΡ.
454 746 665 822 λεγοιμ’
695 745 764 805 ἂν
786 746 908 821 ἤδη.
937 748 1002 804 τὰ
1025 772 1208 820 μακρα
1233 755 1343 803 τῶν
1368 754 1618 821 σμικρῶν
1641 749 1823 820 λόγων
1845 763 1930 807 640

461 836 801 908 ἐπίπροσθέν
825 837 937 890 ἐστι
966 835 1057 889 καὶ
1083 839 1233 905 σαφῆ
1263 839 1471 904 μᾶλλον
1507 833 1716 890 κλύειν.

460 922 578 992 ἐμοὶ
608 917 677 976 σύ
707 925 816 974 τῶν
845 926 976 990 σῶν,
1002 921 1317 1024 ΛΜενέλεως,
1348 918 1521 990 μηδὲν
1546 924 1725 989 δίδου,

462 1029 494 1060 α
526 1002 578 1061 δ’
614 1011 802 1076 ἔλαβες
833 1002 1038 1070 ἀπόδος
1062 1003 1265 1075 πατρὸς
1291 1007 1425 1074 ἐμοῦ
1451 1003 1640 1076 λαβων
1668 1004 1832 1078 πάρα.

461 1088 528 1147 οὐ
552 1087 781 1162 χρήματ’
813 1089 994 1144 εἷπον·
1022 1086 1274 1160 χρήματ’,
1306 1086 1375 1160 ἢν
1398 1088 1582 1160 ψυχὴν
1606 1089 1742 1161 ἐμην

462 1175 668 1247 σωσῃς,
697 1197 834 1245 απερ
866 1197 957 1244 μοι
984 1171 1200 1246 (ρι”λτατ
1232 1175 1343 1229 ἐστὶ
1372 1180 1483 1229 τῶν
1512 1177 1673 1245 ε’μῶν.
1847 1187 1930 1231 645

462 1258 663 1315 ἀδικῶ·
695 1266 888 1331 λαβεῖν
915 1259 1017 1332 χρή
1047 1257 1103 1330 μ’
1140 1256 1263 1313 ἀντὶ
1288 1264 1455 1314 τοῦδε
1481 1266 1579 1314 τοῦ
1606 1266 1780 1315 κακοῦ

462 1342 657 1400 ἄδικόν
681 1368 730 1400 τι
755 1343 903 1415 παρὰ
928 1350 1056 1400 σοῦ·
1088 1346 1179 1399 καὶ
1205 1342 1307 1415 γὰρ
1328 1341 1683 1415 Ἀγαμέμνων
1708 1344 1885 1417 πατὴρ

460 1427 664 1495 ἀδίκως
690 1427 957 1499 ἀθροίσας
975 1426 1189 1484 Ἑλλάδ’
1221 1421 1350 1500 ἦλθ’
1373 1427 1461 1484 ὑπ’
1477 1427 1666 1499 Ἴλιον,

460 1512 562 1570 οὐκ
588 1514 902 1586 ἐξαμαρτὼν
930 1512 1122 1585 αὐτός,
1150 1511 1271 1569 ἀλλ’
1302 1511 1572 1587 ἁμαρτίαν

458 1606 552 1672 τῆς
578 1607 674 1671 σῆς
699 1598 961 1671 γυναικὸς
993 1597 1215 1655 ἀδικίαν
1246 1596 1292 1654 τ’
1324 1600 1569 1670 ἰώμενος.
1845 1613 1931 1656 650

463 1681 524 1741 ἓν
546 1686 647 1756 μὲν
675 1682 791 1740 τόδ’
821 1682 952 1756 ἡμῖν
977 1682 1110 1740 ἄνθ’
1141 1683 1262 1749 ἑνὸς
1287 1688 1491 1740 δοῦναί
1515 1702 1577 1740 σε
1602 1683 1720 1755 χρή.

461 1768 693 1826 ἀπέδοτο
720 1768 794 1840 δ’,
823 1767 893 1834 ὠς
917 1768 1018 1841 χρὴ
1047 1783 1156 1833 τοῖς
1181 1775 1393 1840 φίλοισι
1418 1768 1545 1834 τοὺς
1572 1775 1789 1840 φίλους,

461 1854 520 1911 τὸ
547 1852 684 1927 σωμ’
715 1852 967 1927 αληθως,
999 1857 1087 1910 σοι
1110 1851 1240 1927 παρ’
1271 1851 1460 1910 ασπίδ’
1491 1858 1759 1924 ἐκπονῶν,

461 1963 608 2006 οπως
636 1960 705 1997 συ
732 1940 831 2012 τὴν
857 1938 961 2012 σὴν
985 1937 1282 2011 απολάβοις
1300 1939 1588 2012 ξυνάορον.

462 2022 724 2081 απότισον
753 2049 856 2081 ουν
881 2049 971 2096 μοι
997 2022 1161 2082 ταυτό
1188 2021 1340 2080 τοῦτ’
1370 2027 1486 2080 ἐκεῖ
1506 2024 1710 2095 λαβών,
1848 2038 1931 2082 655

463 2116 595 2182 μιάν
620 2110 861 2181 πονήσας
885 2108 1094 2183 ἡμέραν
1118 2107 1274 2182 ἡμων
1298 2106 1439 2181 ὕπερ

458 2194 725 2268 σωτήριος
749 2194 902 2265 στας,
930 2193 1002 2266 μὴ
1030 2193 1147 2250 δέκ’
1178 2194 1446 2266 ἐκπλήσας
1472 2201 1578 2265 ἔτη.

461 2305 495 2335 α
520 2277 573 2336 δ’
601 2276 778 2344 Αυλὶς
804 2286 964 2352 ἔλαβε
990 2277 1183 2351 σφάγι’
1214 2283 1341 2350 ἐμῆς
1370 2276 1704 2379 ὁμοσπόρου,

464 2370 534 2422 ἐω
563 2362 615 2420 σ’
649 2371 792 2437 ἔχειν
818 2362 1017 2421 ταῦθ’·
1038 2362 1332 2436 Ερμιόνην
1356 2363 1428 2435 μὴ
1455 2377 1635 2420 κτεῖνε
1661 2364 1748 2420 σύ.

463 2456 552 2507 δει
580 2475 683 2523 γαρ
711 2447 760 2506 σ’
791 2454 924 2522 ἐμοῦ
951 2468 1374 2556 πρασσοντοςως
1391 2468 1616 2521 πρασσω
1642 2474 1706 2505 τα
1731 2456 1933 2508 νῦν660

462 2538 630 2592 πλέον
656 2537 957 2608 φέρεσθαι,
985 2533 1121 2606 καμὲ
1148 2533 1483 2606 συγγνώμην
1509 2541 1669 2606 ε”.χειν

462 2619 645 2691 ψυχὴν
671 2618 723 2676 δ’
754 2619 889 2692 ἐμὴν
915 2620 1008 2685 δὸς
1032 2626 1105 2695 τῷ
1135 2619 1461 2700 ταλαιπώρῳ
1487 2623 1651 2692 πατρὶ

465 2702 638 2776 κάμῆς
664 2702 933 2777 ἀδελφῆς,
961 2707 1248 2778 παρθένου
1274 2703 1488 2776 μακρὸν
1510 2706 1738 2776 χρόνον·

465 2787 661 2846 θανών
685 2788 788 2862 γὰρ
815 2790 971 2847 οἶκον
995 2788 1247 2862 ὀρφανὸν
1271 2796 1442 2856 λείψω
1468 2789 1688 2862 πατρός.

464 2878 606 2945 ἐρεῖς
647 2873 951 2930 ἀδύνατον·
998 2872 1133 2931 αὐτὸ
1161 2881 1345 2931 τοῦτο·
1373 2873 1500 2939 τοὺς
1520 2881 1720 2947 φίλους
1848 2885 1931 2930 665
