2018 3117
904 108 1037 155 ΙΩΝ
1661 110 1762 161 159

111 255 271 304 ΙΩΝ.
300 247 440 302 ἰδού.

300 329 417 386 τόδ’
448 328 570 386 ἔσθ’
599 327 826 401 ὕφασμα
845 332 1016 402 δεσμά
1037 330 1121 401 θ’,
1151 331 1222 397 ὡς
1250 332 1594 405 εὑρίσκομεν.

113 423 220 472 ΚΡ.
299 407 343 470 ὦ
362 415 585 488 χρόνιον
610 419 773 470 ἱστῶν
797 417 1156 487 παρθένευμα
1181 424 1290 472 τῶν
1314 421 1475 488 ἐμῶν.
1649 432 1762 475 1425

109 505 272 556 ΙῼΝ.
300 505 448 554 ἔστιν
473 523 523 554 τι
548 498 683 571 πρὸς
708 496 864 573 τῷδ’,
891 495 926 569 ἦ
950 499 1101 573 μόνῳ
1127 499 1260 575 τῷδ’
1298 500 1568 572 εὐτυχεῖς;

110 591 219 639 ΚΡ.
299 584 563 655 δράκοντε
590 589 959 654 μαρμαίροντε
984 585 1282 659 παγχρύσῳ
1308 588 1482 656 γένυι.

109 674 272 723 ΙΩΝ.
301 666 512 739 δώρημ’
536 665 798 737 Ἀθάνας,
826 663 860 738 ἦ
885 666 1031 722 τέκν’
1063 671 1378 740 ἐντρέφειν;
1404 674 1544 742 λέγε.

114 759 219 806 ΚΡ.
289 749 635 822 Ἐριχθονίου
662 774 724 821 γε
748 757 847 806 τοῦ
873 752 1039 807 πάλαι
1063 754 1355 824 μιμήματα.

115 842 270 893 ῙΩΝ.
298 843 354 891 τί
375 841 540 907 δρᾶν,
568 842 625 890 τί
641 842 906 906 χρῆσθαι,
935 837 1104 907 φράζε
1130 861 1247 908 μοι,
1274 839 1618 910 χρυσώματις
1647 853 1761 895 1430

118 927 220 975 KP.
300 923 491 991 δέραια
515 922 671 975 παιδὶ
694 920 936 994 νεογόνῳ
963 923 1183 992 φέρειν,
1211 925 1420 978 τέκνον.

117 1011 271 1063 ΙῼΝ.
300 1010 502 1060 ἔνεισιν
526 1009 666 1059 οἵδε·
694 1003 753 1059 τὸ
782 1005 843 1059 δὲ
868 1011 1054 1073 τρίτον
1079 1013 1238 1061 ποθῶ
1263 1016 1483 1077 μαθεῖν.

114 1095 219 1144 ΚΡ.
299 1092 573 1160 στέφανον
599 1092 779 1153 ἐλαιάς
804 1087 1100 1160 ἀμφέθηκά
1124 1109 1210 1146 σοι
1235 1092 1372 1161 τότε,

299 1170 369 1244 ἣν
394 1172 564 1243 πρῶτ’
589 1171 823 1237 Ἀθάνας
847 1173 1109 1239 σκόπελος
1134 1178 1473 1246 ἐξηνέγκατο,

301 1255 384 1326 ὅς,
415 1267 564 1328 εἴπερ
593 1264 765 1328 ἔστιν,
793 1255 983 1313 οὔποτ’
1012 1262 1249 1315 ἐκλείπει
1273 1261 1461 1332 χλόην,
1649 1275 1758 1318 1435

300 1342 495 1397 θάλλει
522 1339 574 1397 δ’
603 1345 785 1407 ἐλαίας
809 1346 860 1409 ἐξ,
886 1340 1160 1414 ἄγηράτου
1186 1345 1374 1415 γεγώς.

117 1431 270 1481 ῙΩΝ.
300 1419 344 1481 ὦ
369 1426 598 1497 φιλτάτη
625 1450 716 1497 μοι
741 1433 936 1497 μῆτερ,
963 1424 1194 1498 ἄσμενός
1217 1426 1269 1484 σ’
1301 1428 1437 1484 ίδών

300 1509 436 1580 πρὸς
461 1509 694 1583 άσμένης
719 1513 974 1566 πέπτωκα
999 1511 1095 1577 σὰς
1121 1518 1406 1584 παρηίδας.

120 1600 218 1652 ΚΡ.
298 1587 340 1649 ὦ
364 1597 584 1665 τέκνον,
614 1590 657 1650 οἶ
681 1601 798 1665 φῶς
821 1598 982 1667 μητρὶ
1007 1610 1261 1667 κρεῖσσον
1286 1595 1464 1668 ἡλίου,

298 1677 675 1750 συγγνώσεται
700 1678 804 1750 γάρ
831 1677 856 1735 ὁ
885 1681 1042 1750 θεός,
1070 1684 1129 1736 ἐν
1152 1695 1336 1751 χεροῖν
1361 1680 1412 1737 σ’
1444 1689 1562 1753 ἔχω,
1646 1697 1757 1739 1440

301 1760 536 1819 ἄελπτον
563 1761 779 1835 εὕρημ’,
806 1761 871 1819 ὃν
895 1763 1030 1820 κατὰ
1054 1771 1151 1836 γᾶς
1177 1768 1382 1839 ἐνέρων

297 1847 529 1917 χθόνιον
553 1848 686 1919 μετὰ
710 1849 1072 1920 Περσεφόνας
1096 1848 1145 1905 τ’
1176 1850 1408 1906 ἐδόκουν
1432 1858 1627 1906 ναίειν.

119 1937 270 1986 ΤΩΝ.
298 1928 418 1987 ἀλλ’
449 1925 492 1986 ὦ
518 1939 652 2004 φίλη
676 1957 768 2004 μοι
792 1939 989 2005 μῆτερ,
1017 1937 1075 1989 ἐν
1098 1949 1284 2006 χεροῖν
1310 1937 1477 1991 σέθεν

299 2012 327 2070 ὁ
353 2017 650 2072 κατθανών
672 2041 729 2073 τε
752 2015 854 2073 κού
881 2018 1074 2073 θανών
1100 2020 1453 2091 φαντάζομαι.

112 2106 219 2154 ΚΡ.
297 2098 359 2154 ἰώ
391 2100 482 2171 ίω’,
512 2108 760 2173 λαμπρᾶς
784 2104 1008 2174 αἰθέρος
1034 2101 1325 2175 ἀμπτυχαί,
1647 2117 1759 2160 1445

299 2182 405 2239 τίν’
435 2183 614 2241 αὐδὰν
639 2183 790 2242 ἀύσω

298 2268 510 2338 βοάσω;
536 2270 715 2326 πόθεν
743 2294 836 2342 μοι

300 2353 596 2426 συνέκυρσ’
626 2353 891 2427 ἀδόκητος
917 2353 1116 2429 ἡδονάς
1145 2357 1323 2413 πόθεν

297 2437 561 2509 ἐλάβομεν
584 2440 784 2510 χαράν;

108 2527 270 2576 ΙΩΝ.
298 2523 414 2591 ἐμοὶ
438 2526 699 2593 γενέσθαι
724 2524 900 2579 πάντα
927 2531 1136 2594 μᾶλλον
1160 2524 1230 2581 ἄν
1254 2548 1402 2597 ποτε,
1646 2539 1755 2581 1450

297 2612 464 2677 μῆτερ
482 2650 496 2677 ,
522 2611 758 2678 παρέστη
782 2606 959 2677 τῶνδ’,
977 2606 1124 2674 ὅπως
1148 2610 1240 2675 σός
1266 2608 1373 2682 εἰμ’
1403 2610 1525 2682 ἐγώ.

109 2696 217 2745 ΚΡ.
296 2695 372 2744 ἔτι
399 2690 554 2761 φόβῳ
579 2694 773 2762 τρέμω.

107 2780 267 2830 ΙΩΝ.
293 2780 413 2841 μῶν
438 2771 540 2829 οὐκ
566 2781 708 2845 ἔχειν
730 2773 790 2847 μ’
821 2784 1047 2848 ἔχουσα;
1083 2784 1193 2833 KP.
1221 2778 1314 2843 τὰς
1337 2777 1440 2850 γὰρ
1465 2781 1688 2838 ἐλπίδας

295 2854 572 2927 ἀπέβαλον
598 2858 802 2926 πρόσω.
