2018 3117
792 113 1143 161 ΤΡΩΙΑΔΕΣ
1663 117 1769 169 353

309 254 527 324 Θησέως
554 250 855 325 εὐδαίμονα
880 253 1080 323 χώραν.

306 335 379 408 μὴ
402 335 506 410 γὰρ
533 336 599 409 δὴ
626 343 787 393 δίναν
811 334 864 409 γ’
900 334 1152 409 Εὐρώτα,
1684 355 1770 399 210

304 418 404 476 τάν
430 424 686 491 ἐχθίσταν
709 422 996 493 θεράπναν
1014 418 1245 493 Ἑλένας,

305 502 430 560 ἔνθ’
458 503 671 561 ἀντάσω
693 508 920 577 Μενέλα
945 505 1134 575 δούλα,

306 595 380 663 τῷ
403 595 497 653 τᾶς
528 596 723 661 Τροίας
748 593 1016 662 πορθητᾷ.

307 671 409 727 τάν
432 679 679 744 Πηνειοῦ
707 671 912 744 σεμνὰν
934 671 1136 743 χώραν,
1563 673 1678 732 ἀντ.

304 755 527 828 κρηπῖδ’
560 755 864 827 Οὐλύμπου
888 761 1200 827 καλλίσταν,
1682 773 1767 815 215

305 838 450 914 ὄλβῳ
475 847 699 912 βρίθειν
724 840 912 912 φάμαν
935 837 1130 911 ἥκουσ’

307 922 537 980 εὐθαλεῖ
560 922 607 980 τ’
641 922 969 997 εὐκαρπείᾳ·

303 1008 432 1063 τάδε
457 1008 689 1080 δεύτερά
712 1032 801 1080 μοι
826 1007 959 1079 μετὰ
982 1006 1082 1062 τάν
1111 1006 1264 1080 ἱερὰν

309 1095 528 1163 Θησέως
552 1095 754 1160 ζαθέαν
778 1096 964 1148 ἐλθεῖν
985 1091 1186 1164 χώραν.

303 1178 395 1231 καὶ
419 1175 518 1231 τὰν
542 1183 811 1232 Αἰτναίαν
828 1174 1128 1247 “Ηφαίστου
1681 1194 1768 1236 220

305 1266 565 1326 Φοινίκας
588 1258 792 1332 ἀντήρη
816 1261 1016 1332 χώραν,

311 1350 564 1400 Σικελῶν
588 1342 765 1417 ὀρέων
789 1342 998 1416 ματέρ’,
1025 1341 1210 1399 ἀκούω

304 1428 682 1499 καρύσσεσθαι
707 1429 996 1500 στεφάνοις
1021 1425 1230 1500 ἀρετᾶς.

302 1512 401 1566 τάν
430 1509 478 1567 τ’
507 1510 936 1583 ἀγχιστεύουσαν
960 1518 1064 1582 γᾶν

296 1593 467 1669 Ἰονίῳ
505 1608 530 1637 *
572 1605 598 1636 *
638 1597 848 1666 πόντῳ,
1678 1611 1763 1655 225

306 1676 374 1734 ἂν
396 1676 650 1751 ὑγραίνει
675 1680 1047 1736 καλλιστεύων

303 1761 330 1818 ὁ
358 1761 571 1829 ξανθὰν
592 1771 784 1834 χαίταν
809 1771 1133 1836 πυρσαίνων

302 1853 519 1917 Κρᾶθις
543 1851 760 1914 ζαθέαις
784 1862 1008 1919 παγαϊσι
1032 1850 1251 1919 τρέφων

305 1927 578 2001 εὔανδρόν
603 1929 650 1986 τ’
681 1930 911 2003 ὀλβίζων
935 1938 1055 2004 γᾶν.

305 2015 397 2069 καὶ
421 2013 529 2084 μὴν
550 2022 793 2086 Δαναῶν
818 2014 904 2072 ὅδ’
933 2015 1038 2072 ἀπὸ
1064 2021 1315 2087 στρατιᾶς
1674 2030 1762 2073 230

302 2100 473 2169 κῆρυξ
497 2106 743 2170 νεοχμῶν
767 2101 967 2170 μύθων
988 2106 1180 2170 ταμίας

303 2188 500 2252 στείχει
523 2185 802 2254 ταχύπουν
826 2193 972 2255 ἴχνος
997 2184 1257 2251 ἐξανύων.

307 2271 365 2321 τί
387 2269 573 2338 φέρει;
602 2273 661 2323 τί
684 2271 859 2339 λέγεις
886 2274 1082 2324 δοῦλαι
1106 2267 1209 2340 γὰρ
1237 2267 1304 2339 δὴ

303 2356 560 2421 Δωρίδος
582 2352 743 2424 ἐσμὲν
765 2352 968 2423 χθονὸς
991 2350 1113 2424 ἤδη.

126 2438 234 2487 ΤΑ.
295 2430 520 2505 Ἑκάβη,
547 2435 758 2501 πυκνὰς
781 2436 885 2507 γὰρ
911 2437 1076 2491 οἶσθά
1100 2433 1156 2506 μ’
1187 2440 1262 2499 εἰς
1295 2441 1496 2505 Τροίαν
1524 2433 1690 2501 ὁδοῦς

307 2517 540 2574 ἐλθόντα
561 2518 758 2593 κήρυκ’
788 2523 839 2586 ἐξ
861 2518 1111 2590 Ἀχαϊκοῦ
1136 2525 1386 2591 στρατοῦ,
1673 2533 1758 2577 236

305 2604 641 2673 ἐγνωσμένος
668 2604 728 2659 δὲ
751 2606 842 2658 καὶ
865 2604 1103 2676 πάροιθέ
1123 2621 1236 2674 σοι,
1262 2603 1443 2675 γύναι,

312 2685 680 2758 Ταλθύβιος
643 2711 758 2758 ηκω
783 2686 977 2743 καινὸν
994 2685 1269 2790 ἀγγελῶνω
1271 2687 1452 2759 λόγον.

118 2774 234 2824 ΕΚ.
306 2769 461 2842 τόδε,
490 2777 646 2842 φίλαι
678 2771 1004 2844 Τρῳάδες,
985 2795 1012 2826 ο
1041 2776 1212 2843 φόβος
1234 2769 1305 2844 ἦν
1330 2777 1516 2828 πάλαι.

127 2859 238 2906 ΤΛ.
306 2851 412 2925 η’δη
436 2853 805 2926 κεκλήρωσθ’,
833 2861 883 2910 εἰ
902 2853 1018 2910 τόδ’
1046 2857 1116 2925 ἦν
1140 2852 1272 2926 ὑμῖν
1297 2856 1484 2928 φόβος.
1676 2872 1761 2914 240

260 2950 406 2982 EVRIP.
440 2952 542 2984 νοτ..
575 2939 629 2983 11.
1421 2936 1487 2986 23
