2018 3117
87 523 167 572 ΙΦ

92 1198 196 1246 ΟΡ.

88 1283 185 1330 ΙΦ.

92 1367 197 1415 ΟΡ.

91 1452 185 1500 ΙΦ.

92 1535 196 1583 ΟΡ.

87 1620 184 1668 ΙΦ.

92 1705 195 1752 ΟΡ.

85 1789 184 1838 ΙΦ.

91 1873 196 1922 ΟΡ.

87 1959 184 2008 ΙΦ.

91 2043 195 2091 ΟΡ.

94 2212 183 2260 [Φ.

456 126 821 172 ΙΦΙΓΕΝΕΙΑ
855 126 911 171 Η
943 128 1042 172 EN
1081 128 1378 175 ΤΑΥΡΟΙΣ

279 273 556 334 αἴσχιστον
581 261 731 329 ὅστις
755 263 1082 335 καταβαλών
1107 271 1181 330 εἰς
1205 267 1488 340 ξυμφορὰς

275 345 440 412 αὐτὸς
464 349 745 404 σέσωσται.
770 347 1028 419 τυγχάνει
1054 346 1105 403 δ’
1134 347 1223 405 ὅδ’
1252 347 1331 406 ὦν
1358 359 1534 423 φίλος,

277 430 342 488 ὃν
367 429 535 488 οὐδὲν
560 425 731 503 ἧσσον
758 429 792 503 ἦ
819 430 904 502 ’μὲ
929 438 1047 502 φῶς
1070 430 1206 502 ὁρᾶν
1232 438 1399 491 θέλω.

275 509 319 571 ὦ
342 515 466 587 λῆμ’
497 515 745 588 ἄριστον,
774 514 845 581 ὥς
869 513 963 571 ἀπ’
1003 513 1264 584 εὐγενοῦς
1288 544 1434 585 τινος

279 604 424 672 ῥίζης
449 604 700 673 πέφυκας
724 614 836 664 τοῖς
861 606 1044 671 φίλοις
1067 599 1115 656 τ’
1133 602 1316 672 ὀρθῶς
1339 612 1517 675 φίλος.

276 691 520 750 τοιοῦτος
547 693 628 756 εἴη
653 691 763 740 τῶν
787 689 933 755 ε’μῶν
957 683 1284 757 ὁμοσπόρων

279 767 450 841 ὅσπερ
475 772 765 825 λέλειπται.
793 771 885 824 καὶ
908 767 1013 839 γὰρ
1041 767 1165 826 οὐδ’
1194 772 1330 842 ἐγώ,
1357 776 1516 844 ξένοι,

276 852 585 925 ἀνάδελφός
611 859 746 924 εἰμι,
774 853 916 925 πλὴν
942 850 1031 909 ὅσ’
1060 853 1159 925 οὐχ
1184 853 1367 927 ὁρῶσά
1389 881 1496 913 νιν.

277 940 394 993 ἐπεὶ
418 938 479 994 δὲ
501 938 691 1009 βούλει
714 943 902 1008 ταῦτα,
929 938 1091 994 τόνδε
1116 942 1403 1012 πέμψομεν

277 1025 469 1078 δέλτον
494 1025 761 1094 φέροντα,
788 1021 858 1077 σὺ
884 1023 945 1079 δὲ
969 1032 1158 1080 θανεῖ·
1188 1025 1359 1097 πολλὴ
1386 1029 1451 1082 δέ
1481 1050 1560 1093 τις

277 1113 564 1179 προθυμία
588 1128 648 1163 σε
672 1104 827 1163 τοῦδ’
857 1114 1056 1208 ἔχουσα
1079 1109 1353 1180 τυγχάνει.

273 1193 439 1247 θύσει
463 1192 524 1248 δε
545 1198 628 1257 τίς
647 1215 716 1293 με
740 1193 831 1247 καὶ
855 1192 919 1248 τὰ
943 1192 1098 1249 δεινὰ
1123 1194 1403 1265 τλήσεται·
1391 1239 1404 1261 ,

276 1277 411 1347 ἐγώ
438 1281 574 1341 θεᾶς
597 1276 700 1348 γάρ
728 1277 890 1348 τήνδε
915 1278 1269 1350 προστροπὴν
1294 1287 1414 1350 ἔχω.

275 1358 441 1432 άζηλά
465 1357 521 1432 γ’
528 1403 541 1430 ,
570 1362 611 1416 ὦ
637 1367 819 1431 νεᾶνι,
850 1359 988 1417 κούκ
1015 1360 1334 1433 εὐδαίμονα.

276 1442 400 1500 ἀλλ’
429 1450 506 1510 εἰς
528 1442 777 1517 ἀνάγκην
803 1453 952 1517 κείμε
933 1445 1020 1502 εθ’
1028 1490 1041 1517 ,
1072 1444 1143 1518 ἣν
1169 1451 1498 1518 φυλακτέον.

275 1528 412 1600 αὐτὴ
435 1533 581 1599 ξίφει
607 1530 827 1585 θύουσα
852 1537 1030 1601 θῆλυς
1057 1529 1317 1601 ἅρσεναςς

273 1611 374 1668 οὔκ
390 1632 401 1642 ·
430 1611 566 1668 ἀλλὰ
590 1620 783 1685 χαίτην
808 1611 948 1685 ἀμφὶ
973 1614 1077 1686 σὴν
1100 1623 1443 1688 χερνίψομαι.

272 1694 301 1752 ὁ
327 1699 387 1753 δὲ
410 1698 656 1770 σφαγεὺς
681 1705 789 1765 τίς;
825 1705 875 1754 εί
895 1697 1016 1755 τάδ’
1047 1706 1284 1771 ἱστορεῖν
1308 1725 1374 1772 με
1396 1702 1514 1773 χρή.

275 1790 403 1838 εἴσω
429 1783 616 1853 δόμων
641 1780 809 1839 τῶνδ’
839 1786 979 1840 εἰσὶν
1005 1781 1084 1849 οἷς
1109 1788 1259 1855 μέλει
1283 1787 1429 1842 τάδε.

273 1867 443 1938 τάφος
468 1867 528 1923 δὲ
553 1881 705 1933 ποῖος
732 1871 946 1935 δέξεταί
963 1867 1041 1940 μ’,
1073 1867 1205 1925 ὅταν
1230 1871 1419 1938 θάνω;

273 1958 384 2023 πῦρ
413 1951 563 2024 ἱερὸν
589 1958 751 2009 ἔνδον
774 1954 949 2024 χάσμα
973 1952 1021 2009 τ’
1052 1951 1308 2025 εὐρωπὸν
1334 1957 1545 2025 πέτρας.

277 2043 410 2106 φεῦ·

273 2143 387 2187 πως
412 2121 480 2177 άν
503 2120 559 2193 μ’
589 2120 831 2194 αδελφης
854 2148 970 2195 χειρ
999 2122 1441 2193 περιστείλειεν’
1421 2123 1513 2190 άν;

271 2206 500 2276 μάταιον
527 2205 719 2278 εὐχήν,
748 2231 789 2263 ω
815 2210 1005 2279 τάλας,
1035 2206 1181 2274 όστις
1206 2207 1327 2265 ποτ’
1362 2208 1424 2279 εἷ,

274 2293 446 2361 ηὔξω
472 2291 689 2362 μακρὰν
710 2292 814 2364 γὰρ
840 2294 1126 2365 βαρβάρου
1150 2299 1294 2349 ναίει
1319 2295 1535 2364 χθονός.

276 2373 343 2430 οὗ
369 2376 503 2447 μήν,
531 2376 718 2448 ἐπειδὴ
744 2380 1031 2449 τυγχάνεις
1060 2375 1304 2481 Ἀργεῑος
1330 2377 1426 2449 ω’ν,

277 2457 396 2515 ἀλλ’
427 2484 506 2516 ων
531 2485 592 2532 γε
617 2462 858 2518 δυνατὸν
882 2461 1005 2518 ουδ’
1034 2462 1139 2533 ἐγω
1171 2460 1397 2527 ’λλείψω
1425 2463 1600 2534 χάριι.

277 2552 379 2599 πολ
385 2545 456 2600 ύν
480 2569 537 2601 τε
562 2546 665 2617 γάρ
692 2565 779 2602 σοι
805 2548 1011 2619 κόσμον
1036 2547 1256 2617 ένθησω
1279 2547 1454 2622 τάφω,

276 2634 461 2704 ξανθῷ
485 2628 534 2685 τ’
564 2634 726 2706 ἐλαίῳ
753 2639 908 2703 σῶμα
934 2631 1033 2687 σὸν
1058 2633 1392 2703 κατασβέσω,

278 2715 368 2767 καὶ
391 2720 484 2784 τῆς
509 2712 690 2786 ὀρείας
716 2714 1136 2789 ἀνθεμόρρυτον
1153 2716 1319 2787 γάνος

279 2798 486 2868 ξουθῆς
510 2806 768 2871 μελίσσης
794 2806 869 2865 εἰς
894 2800 1078 2873 πυρὰν
1103 2806 1253 2871 βαλῶ
1279 2802 1446 2856 σέθεν

283 2878 404 2935 ἀλλ’
435 2880 544 2952 εἶμι
570 2886 762 2939 δέλτον
788 2882 836 2939 τ’
866 2887 924 2940 ἐκ
949 2891 1084 2948 θεᾶς
1111 2882 1431 2954 ἀνακτόρων

226 2978 375 3008 amm).
414 2979 516 3010 vox..
552 2966 607 3010 11.
1164 3006 1166 3008 .
1425 2970 1449 3010 6

1669 132 1733 183 81

1655 621 1740 665 610

1656 1042 1740 1086 615

1654 1463 1743 1507 620

1657 1886 1741 1929 625

1655 2393 1740 2435 030

1657 2812 1740 2854 635
