2018 3117
229 101 298 153 20

229 1350 344 1399 XO.

226 1518 394 1568 ΑΓΛ.

223 2114 352 2162 ΜΕ.

223 2198 374 2247 ΑΓΛ

224 2284 353 2331 ΜΕ.

227 2367 391 2417 ΑΓΛ.

223 2453 353 2502 ΜΕ.

223 2536 391 2586 ΑΓΑ.

223 2623 353 2672 ΜΕ.

149 2695 187 2769 x
224 2706 391 2756 ΑΓΛ.

223 2792 354 2841 ΜΕ.

229 2877 393 2925 ΑΓΛ.

605 101 983 147 ΙΦΙΓΕΝΕΙΑ
1019 100 1076 144 Η
1108 100 1207 145 ΕΝ
1241 99 1499 144 ΑΥΛΙΔΙ

425 238 602 306 ἄλλως
627 242 689 296 τέ
708 237 765 311 μ’
795 245 942 304 ἔλεος
969 245 1062 310 τῆς
1087 238 1438 308 ταλαιπώρου
1463 238 1630 310 κόρης

425 329 678 395 εἰσῆλθε,
719 327 1047 393 συγγένειαν
1086 325 1461 392 ἐννοουμένῳ,
1525 345 1530 350 ·

425 405 460 480 ἣ
485 413 596 464 τῶν
621 411 768 478 ἐμῶν
795 410 946 463 ἕκατι
970 405 1218 462 θύεσθαι
1243 406 1436 479 γάμων

426 494 626 565 μέλλει.
654 498 711 548 τί
734 489 787 547 δ’
818 489 1034 563 Ἑλένης
1059 494 1324 566 παρθένῳ
1358 496 1423 563 τῇ
1451 497 1518 566 σῇ
1546 494 1706 564 μέτα;

431 585 526 633 ἴτω
557 583 812 648 στρατεία
837 573 1151 633 διαλυθεϊσ’
1181 578 1234 643 ἐξ
1260 573 1523 643 Αὐλίδος.
1804 590 1889 636 495

430 661 500 718 σὺ
527 658 580 717 δ’
610 659 755 733 ὄμμα
781 667 988 718 παῦσαι
1014 659 1275 732 δακρύοις
1303 663 1514 732 τέγγων
1541 660 1600 718 τὸ
1629 661 1747 733 σόν,

435 743 647 819 ἀδελφέ
657 791 669 817 ‚
700 744 838 819 κάμὲ
865 751 1202 817 παρακαλῶν
1229 751 1304 811 εἰς
1331 746 1564 818 δάκρυα.

433 838 483 888 εἰ
504 833 569 887 δέ
590 856 640 888 τι
665 831 831 904 κόρης
857 837 952 904 σῆς
977 830 1279 902 θεσφάτων
1290 834 1514 902 μέτεστί
1535 850 1636 903 σοι,

431 915 503 989 μὴ
525 914 636 987 ’μοὶ
663 919 899 988 μετέστω
917 935 927 944 ·
956 918 1042 971 σοὶ
1067 918 1212 986 νέμω
1226 913 1434 988 τούμὸν
1457 918 1636 989 μέρος.

429 999 551 1057 ἀλλ’
584 1008 658 1068 εἰς
686 999 986 1074 μεταβολὰς
1012 993 1191 1072 ἦλθον
1216 997 1323 1058 ἀπὸ
1351 1007 1553 1057 δεινῶν
1577 1002 1777 1074 λόγων.
1804 1016 1890 1060 500

432 1087 575 1152 εἰκὸς
603 1086 886 1144 πέπονθα·
924 1084 1021 1141 τὸν
1046 1083 1257 1156 ὁμόθεν
1280 1086 1569 1159 πεφυκότα

429 1173 673 1244 στέργων
697 1175 1010 1243 μετέπεσον.
1041 1167 1243 1242 ἀνδρὸς
1270 1168 1336 1226 οὗ
1363 1177 1538 1227 κακοῦ
1563 1171 1759 1242 τρόποι

430 1261 660 1327 τοιοίδε,
687 1263 928 1327 χρῆσθαι
951 1269 1092 1311 τοῖσι
1117 1261 1416 1326 βελτίστοις
1444 1252 1547 1311 ἀεί.

422 1339 635 1414 γενναῑ)
669 1344 850 1408 ἔλεξας
884 1340 1142 1414 Ταντάλῳ
1168 1363 1224 1395 τε
1251 1347 1328 1416 τῷ
1352 1339 1489 1406 Διὸς

425 1429 729 1499 πρέποντα·
755 1426 1065 1498 προγόνους
1091 1421 1158 1481 οὐ
1184 1426 1562 1498 καταισχύνεις
1592 1429 1777 1483 σέθεν.
1805 1442 1889 1485 505

432 1518 570 1568 αἰνῶ
597 1530 684 1582 σε,
710 1513 1037 1582 Μενέλεως,
1066 1507 1151 1566 ὅτι
1176 1510 1324 1583 παρὰ
1352 1510 1580 1583 γνῶμην
1608 1510 1745 1584 ε’μὴν

423 1594 709 1669 ὑπέθηκας
738 1594 922 1665 ὀρθῶς
950 1594 1078 1661 τοὺς
1103 1595 1301 1666 λόγους
1326 1602 1428 1652 σοῦ
1454 1593 1507 1651 τ’
1537 1592 1714 1662 ἀξίως.

435 1681 637 1753 ταραχὴ
668 1679 718 1737 δ’
749 1678 1012 1752 ἀδελφῶν
1037 1679 1129 1736 διά
1155 1677 1204 1735 τ’
1235 1685 1410 1751 ἔρωτα
1437 1687 1681 1752 γίγνεται

425 1770 748 1834 πλεονεξίαν
773 1788 829 1822 τε
858 1765 1152 1837 δωμάτων·
1182 1762 1465 1822 ἀπέπτυσα

425 1851 645 1908 τοιάνδε
670 1854 1000 1923 συγγένειαν
1028 1848 1290 1923 ἀλλήλοιν
1316 1851 1536 1923 πικράν.
1801 1866 1885 1908 510

427 1933 545 1993 ἀλλ’
575 1934 781 2009 ἥκομεν
806 1935 909 2008 γὰρ
939 1942 1013 2002 εἰς
1038 1932 1339 2007 ἀναγκαίας
1365 1936 1546 2008 τύχας,

425 2020 706 2094 θυγατρὸς
732 2019 1037 2093 αἱματηρὸν
1062 2023 1323 2093 ἐκπρᾶξαι
1349 2021 1545 2093 φόνον.

430 2113 572 2173 πῶς;
600 2113 679 2172 τίς
706 2104 758 2162 δ’
787 2103 1087 2178 ἀναγκάσει
1114 2124 1174 2161 σε
1197 2105 1298 2178 τήν
1326 2129 1388 2177 γε
1415 2105 1522 2177 σὴν
1549 2116 1801 2174 κτανεῖν;

431 2189 568 2258 ἅπας
588 2189 819 2264 Ἀχαιῶν
843 2192 1107 2263 σύλλογος
1132 2191 1547 2263 στρατεύματος.

427 2274 641 2349 οὕκ,ἤν
662 2302 751 2333 νιν
779 2282 854 2341 εἰς
877 2274 1077 2347 ’Ἄργος
1105 2273 1159 2347 γ’
1178 2276 1499 2346 ἀποστείλῃς
1533 2274 1715 2331 πάλιν.
1805 2289 1886 2332 515

430 2360 657 2433 λάθοιμι
681 2359 834 2418 τοῦτ’
864 2358 949 2417 ἅν.
980 2357 1103 2416 ἀλλ’
1133 2357 1301 2416 ἐκεῖν’
1331 2359 1397 2417 οὐ
1424 2360 1679 2432 λήσομεν.

423 2445 482 2502 τὸ
509 2460 698 2514 ποῖον;
726 2444 880 2502 οὔτοι
904 2445 1006 2518 χρὴ
1033 2451 1160 2501 λίαν
1186 2452 1411 2516 ταρβεῖν
1439 2442 1618 2516 ὄχλον.

430 2529 649 2602 Κάλχας
677 2535 791 2601 ε’ρεῖ
811 2527 1146 2602 μαντεύματ’
1171 2527 1436 2601 Ἀργείων
1461 2536 1691 2604 στρατῷ.

426 2613 558 2685 οὔκ,
589 2612 659 2687 ἦν
674 2621 820 2688 θάνῃ
853 2639 915 2686 γε
943 2615 1184 2686 πρόσθε·
1223 2622 1384 2670 τοῦτο
1414 2612 1466 2670 δ’
1500 2611 1749 2686 εὐμαρές.

429 2699 489 2757 τὸ
517 2699 785 2771 μαντικὸν
810 2706 921 2756 πᾶν
946 2703 1158 2770 σπέρμα
1184 2699 1477 2771 φιλότιμον
1501 2698 1692 2754 κακόν.
1802 2710 1887 2753 520

426 2782 631 2842 κούδέν
654 2781 707 2856 γ’
737 2782 971 2853 ἀρεστὸν
998 2782 1130 2841 οὐδὲ
1158 2784 1425 2857 χρήσιμον
1450 2784 1647 2854 παρόν.

434 2875 611 2927 έκεῖνο
640 2866 695 2926 δ’
724 2866 791 2925 οὐ
820 2871 1069 2935 δέδοικας
1104 2867 1229 2938 οὕμ’
1284 2866 1579 2935 έσέρχεται;
