2018 3117
263 73 364 126 374

269 1751 387 1801 EK.

267 2261 386 2311 EK.

273 2687 385 2737 EA.

899 73 1159 120 ΤΡΩΙΑΔ
1162 73 1256 118 ΕΣ

456 214 644 287 δόμων
669 212 916 284 δάμαρτα
942 212 1242 283 ξεναπάτης
1265 212 1508 285 ἐλῄσατο.

455 313 635 364 κεῖνος
659 298 760 370 μὲν
785 290 889 353 οὖν
915 302 1088 353 ἔδωκε
1113 295 1219 351 σὺν
1247 305 1402 362 θεοῖς
1427 302 1589 369 δίκην

456 382 621 448 αὐτός
645 405 703 438 τε
730 384 823 438 καὶ
846 388 915 454 γῆ
947 383 1072 453 δορὶ
1098 379 1330 438 πεσοῦσ’
1356 379 1673 458 Ἑλληνικῷ.

457 467 572 542 ἥκω
605 468 666 524 δὲ
693 465 795 539 τὴν
820 467 1111 536 τάλαιναν,
1140 463 1207 523 οὗ
1233 465 1338 539 γὰρ
1364 464 1538 538 ἡδέως

459 553 634 626 ὄνομα
658 553 929 625 δάμαρτος
957 549 993 624 ἤ
1019 547 1140 607 ποτ’
1166 545 1237 623 ἦν
1262 549 1360 623 ἐμὴ
1389 554 1549 623 λέγω,

458 638 626 706 ἄξων·
660 638 849 711 δόμοις
874 636 978 710 γὰρ
1007 634 1183 692 τοῖσδ’
1217 640 1277 692 ἐν
1306 641 1722 708 αἰχμαλωτικοῖς

458 730 864 796 κατηρίθμηται
902 722 1181 797 Τρῳάδων
1212 720 1396 778 ἄλλων
1420 724 1569 794 μέτα.

459 815 615 882 οἵπερ
643 808 749 882 γὰρ
777 806 952 881 αὐτὴν
982 806 1356 879 ἐξεμόχθησαν
1383 812 1526 879 δορί,

459 908 684 951 κτανεῖν
707 898 832 966 ἐμοί
857 917 948 949 νιν
967 898 1192 964 ἔδοσαν,
1226 902 1333 949 εἴτε
1357 891 1430 964 μὴ
1461 892 1681 950 κτανών

457 976 676 1051 θέλοιμ’
707 977 943 1051 ἄγεσθαι
974 978 1139 1034 πάλιν
1161 983 1214 1044 ἐς
1232 976 1498 1050 Ἀργείων
1520 979 1719 1049 χθόνα.

459 1067 578 1137 ἐμοὶ
609 1062 661 1121 δ’
697 1067 847 1131 ἔδοξε
876 1062 974 1120 τὸν
998 1063 1099 1134 μὲν
1125 1067 1184 1119 ἐν
1217 1070 1387 1137 Τροία
1412 1062 1586 1135 μόρον

455 1148 674 1221 Ἑλένης
700 1154 882 1219 ἐάσαι,
909 1148 1176 1223 ναυπόρῳ
1205 1154 1237 1204 δ
1245 1146 1257 1166 '
1287 1145 1444 1220 ἄγειν
1472 1148 1649 1222 πλάτῃ

457 1232 727 1307 Ἑλληνίδ’
765 1240 839 1299 είς
869 1239 975 1305 γῆν
999 1226 1120 1307 κᾷτ’
1154 1236 1271 1290 ἐκεῖ
1297 1239 1497 1289 δοῦναι
1522 1246 1762 1306 κτανεῖν,

461 1318 656 1385 ποινὰς
696 1321 817 1374 ὅσοι
859 1316 1088 1375 τεθνᾶσ’
1119 1321 1178 1374 ἐν
1202 1317 1340 1394 Ἰλίῳ
1367 1325 1535 1390 φίλοι.

461 1403 581 1461 ἀλλ’
616 1405 699 1461 εἶα
725 1402 943 1476 χωρεῖτ’
979 1409 1053 1469 εἰς
1079 1404 1308 1476 δόμους,
1336 1400 1590 1476 ὀπάονες,

459 1488 694 1562 κομίζετ’
725 1487 901 1561 αὐτὴν
930 1496 1024 1560 τῆς
1047 1490 1489 1561 μιαιφονωτάτης

464 1575 636 1648 κόμης
664 1576 1086 1640 ἐπισπάσαντες·
1120 1573 1302 1647 οὔριοι
1327 1572 1379 1631 δ’
1414 1572 1546 1630 ὅταν

463 1663 628 1718 πνοαὶ
654 1661 888 1732 μόλωσι,
916 1662 1200 1732 πέμψομέν
1224 1683 1316 1716 νιν
1338 1657 1583 1715 Ἑλλάδα.

464 1740 507 1801 ὦ
531 1752 629 1819 γῆς
654 1744 828 1819 ὄχημα
851 1743 984 1801 κάπὶ
1008 1752 1107 1817 γῆς
1133 1751 1273 1816 ἔχων
1298 1747 1485 1816 ἕδραν,

468 1829 614 1897 ὅστις
644 1829 763 1889 ποτ’
798 1831 847 1887 εἷ
872 1831 970 1901 σύ,
998 1831 1371 1896 δυστόπαστος
1401 1833 1622 1901 εἰδέναι,

465 1917 632 1988 Ζεύς,
667 1914 765 1974 εἴτ’
801 1914 1011 1988 ἀνάγκη
1038 1916 1245 1988 φύσεος
1272 1924 1379 1972 εἴτε
1403 1922 1537 1981 νοῦς
1560 1921 1794 1989 βροτῶν,

464 2003 849 2074 προσηυξάμην
873 2020 959 2058 σε·
989 2001 1167 2057 πάντα
1189 1999 1293 2073 γὰρ
1320 1997 1395 2056 δι’
1425 1997 1649 2072 ἀψόφου

391 2120 394 2123 ·
459 2093 673 2158 βαίνων
696 2087 974 2143 κελεύθου
999 2084 1135 2141 κατὰ
1165 2091 1328 2158 δίκην
1353 2085 1418 2142 τὰ
1442 2082 1608 2157 θνήτ’
1639 2082 1804 2158 ἄγεις.

269 2177 400 2227 ΜΕ.

459 2178 516 2227 τί
542 2169 594 2228 δ’
630 2178 807 2239 ἔστιν;
838 2169 1000 2242 εὐχὰς
1030 2168 1101 2236 ὡς
1126 2175 1402 2236 ἐκαίνισας
1427 2176 1597 2226 θεῶν.

465 2262 602 2312 αἰνῶ
629 2275 690 2313 σε
709 2301 722 2327 ,
752 2253 1021 2326 ᾁΜενέλαᾏ
1056 2261 1106 2311 εἰ
1126 2270 1335 2322 κτενεῖς
1361 2255 1609 2327 δάμαρτα
1633 2255 1753 2328 σήν.

463 2338 613 2414 ὁρῶν
637 2342 698 2398 δὲ
722 2342 888 2413 τήνδε
917 2346 1117 2412 φεῦγε,
1144 2341 1217 2412 μή
1241 2339 1292 2396 σ’
1329 2344 1422 2413 ἕλῃ
1448 2340 1626 2415 πόθῳ.

463 2431 611 2499 αἱρεῖ
629 2426 734 2499 γὰρ
761 2424 985 2498 ἀνδρῶν
1012 2423 1229 2498 ὄμματ’,
1256 2429 1461 2498 ἐξαιρεῖ
1479 2425 1680 2497 πόλεις,

462 2519 734 2586 πίμπρησι
764 2510 818 2568 δ’
847 2521 1058 2578 οἴκους·
1087 2503 1187 2567 οἷδ’
1216 2517 1322 2581 ἔχει
1348 2510 1647 2583 κηλήματα.

463 2597 570 2668 ἐγώ
598 2622 692 2653 νιν
715 2598 838 2654 οἶδα
861 2599 954 2653 καὶ
979 2595 1049 2653 σύ
1073 2601 1165 2668 χοὶ
1186 2596 1542 2661 πεπονθότες.

464 2685 742 2753 Μενέλαε,
771 2690 1034 2756 φροίμιον
1058 2682 1158 2752 μὲν
1183 2677 1335 2748 ἄξιον
1361 2681 1543 2753 φόβου

465 2764 583 2823 τόδ’
618 2771 767 2824 ἐστίν
785 2786 795 2796 ·
824 2770 883 2823 ἐν
910 2767 1014 2840 γὰρ
1039 2768 1192 2839 χερσὶ
1217 2766 1550 2838 προσπόλων
1572 2765 1742 2821 σέθεν

414 2923 416 2925 ¹
463 2857 560 2927 βίᾳ
584 2851 690 2925 πρὸ
721 2856 898 2908 τῶνδε
923 2851 1191 2924 δωμάτων
1216 2853 1571 2923 ἐκπέμπομαι.

1844 566 1927 613 870

1847 991 1930 1039 875

1848 1417 1933 1463 880

1851 2269 1935 2315 890
