2018 3117
236 135 307 186 82

243 794 355 843 XO.

244 1048 349 1096 ΟΡ.

240 1133 356 1182 ΧΟ.

243 1389 358 1437 ΠΥ.

241 1475 354 1523 XO.

244 1984 350 2033 ΟΡ.

242 2070 358 2117 ΠΤ.

244 2155 350 2203 ΟΡ.

246 2918 361 2966 ΠΤ.

602 135 985 183 ΙΦΙΓΕΝΕῙΑ
1019 135 1074 181 Η
1109 136 1211 182 ΕΝ
1247 136 1547 182 ΤΑΤΡΟΙΣ

435 285 568 333 οἴσω
585 294 596 305 ·
623 274 683 330 τὸ
708 276 896 345 μέντοι
922 274 1190 346 δυσμενὲς
1213 273 1286 346 μὴ
1316 273 1446 347 ’μοῦ
1473 275 1660 349 λάβῃς.

432 356 738 433 φυλάσσετ’
765 355 998 431 αὐτούς,
1026 360 1360 431 πρόσπολοι,
1398 364 1619 432 δεσμῶν
1643 359 1788 435 ἄτερ.

431 454 560 510 ἴσως
585 442 791 500 ἄελπτα
814 450 926 500 τῶν
953 447 1099 516 ε’μῶν
1124 451 1306 516 φίλων
1329 447 1438 501 τινὶ

430 532 625 602 πέμψω
652 527 1034 602 πρὸς”Αργος,
1063 527 1128 586 ὃν
1151 527 1367 602 μάλιστ’
1401 529 1506 602 ἐγὼ
1536 538 1700 602 φιλῶ,
1824 545 1908 590 640

431 617 522 671 καὶ
547 617 735 681 δέλτος
759 612 908 690 αὐτῷ
934 622 1137 683 ζῶντας
1163 613 1260 681 οὓς
1285 620 1444 672 δοκεῖ
1473 625 1673 673 θανεῖν

428 702 670 772 λέγουσα
694 699 886 766 πιστὰς
909 698 1114 772 ἡδονὰς
1140 698 1456 774 ἀπαγγελεῖ.

428 787 935 856 καταλοφυρόμεθα
974 785 1035 838 σὲ
1070 785 1168 837 τὸν
1206 789 1479 854 χερνίβων
1778 801 1897 854 στρ.

433 874 617 938 ῥανίσι
649 876 675 906 *
696 876 722 905 *
745 876 771 906 *

428 956 734 1027 μελόμενον
760 959 1062 1026 αἱμακταῖς.
1821 968 1907 1012 645

435 1040 613 1106 οἶκτος
639 1039 742 1112 γὰρ
771 1038 839 1096 οὐ
865 1038 1044 1111 ταῦτ’,
1073 1037 1211 1096 ἄλλα
1233 1037 1464 1111 χαί’ρετ,
1493 1043 1533 1095 ὠ
1562 1041 1732 1107 ξέναι

427 1126 486 1182 σε
513 1127 573 1182 δε
599 1126 763 1197 τύχας
787 1125 1056 1197 μάκαρος,
1086 1124 1148 1180 ἰω
1176 1148 1390 1195 νεανια,
1780 1124 1898 1179 ἆντ.

430 1209 715 1283 σεβόμεθ’,
747 1216 821 1275 εἰς
846 1210 1059 1281 πάτραν

432 1294 515 1352 ὅτι
542 1293 671 1352 πόδ’
701 1295 1013 1367 ἐπεμβάσει.

432 1379 599 1452 ἄζηλά
625 1404 709 1436 τοι
738 1386 978 1452 φίλοισι,
1007 1380 1374 1452 θνησκόντων
1399 1387 1599 1451 φίλων.
1821 1392 1907 1437 650

431 1459 474 1522 ὦ
499 1469 733 1537 σχέτλιοι
760 1472 987 1537 πομπαί.

432 1558 540 1624 φεῦ
569 1558 706 1623 φεῦ,
735 1551 1041 1607 διόλλυσαι.

432 1643 550 1693 αἰαῖ
573 1643 704 1693 αἰαῖ.

432 1722 661 1793 πότερος
688 1719 715 1776 ὁ
741 1722 986 1792 μέλλων;

432 1814 508 1864 ἔτι
536 1806 639 1879 γὰρ
667 1803 948 1877 ἀμφίλογα
974 1810 1181 1877 δίδυμα
1206 1807 1407 1877 μέμονε
1435 1805 1602 1877 φρήν,
1822 1819 1906 1862 655

430 1892 492 1949 σὲ
517 1892 690 1961 πάρος
717 1887 751 1962 ἢ
777 1889 819 1946 σ’
851 1889 1197 1958 ἀναστενάξω
1225 1890 1393 1962 γόοις.

430 1976 694 2048 Πυλάδη,
722 1979 1008 2041 πέπονθας
1035 1975 1206 2032 ταύτὰ
1232 1975 1368 2047 πρὸς
1393 1981 1548 2032 θεῶν
1574 1979 1722 2048 ἐμοί;

432 2061 533 2118 οὐκ
561 2060 666 2117 οἶδ’
687 2080 697 2090 ·
728 2064 932 2136 ἐρωτᾷς
958 2059 1024 2118 οὐ
1051 2064 1233 2133 λέγειν
1265 2061 1457 2132 ἔχοντά
1481 2084 1563 2132 με.

433 2153 514 2212 τίς
541 2149 689 2202 ἐστὶν
714 2143 746 2218 ἡ
774 2153 987 2214 νεᾶνιςς
1017 2144 1089 2211 ὦς
1118 2145 1445 2217 Ἑλληνικῶς
1821 2158 1906 2202 660

433 2229 667 2303 ἀνήρεθ’
698 2229 836 2303 ἡμᾶς
861 2231 989 2296 τούς
1015 2229 1060 2286 τ’
1093 2234 1152 2286 ἐν
1170 2229 1308 2305 Ἰλίω
1335 2231 1543 2295 πόνους

433 2317 633 2373 νόστον
658 2314 705 2372 τ’
729 2314 962 2387 Ἀχαιων
987 2315 1084 2372 τόν
1110 2313 1164 2371 τ’
1193 2339 1254 2372 εν
1279 2321 1494 2381 οἰωνοῖς
1521 2316 1701 2388 σοφὸν

434 2399 712 2472 Κάλχαντ’
745 2399 1030 2472 Ἀχιλλέως
1055 2398 1103 2456 τ’
1134 2398 1335 2473 ὄνομα,
1364 2403 1456 2456 καὶ
1482 2425 1578 2456 τον
1604 2398 1805 2457 άθλιον

429 2483 790 2558 Ἀγαμέμνον’
823 2511 894 2552 ως
920 2483 1139 2563 ω’κτειρ’
1169 2484 1424 2558 ἀνηρώτα
1449 2488 1508 2541 τέ
1530 2509 1595 2557 με

436 2585 674 2642 γυναῖκα
700 2571 898 2637 παῖδάς
923 2570 992 2628 τ’.
1023 2579 1170 2628 ε’στιν
1195 2569 1226 2643 ἡ
1253 2573 1378 2642 ξένη
1405 2573 1561 2642 γένος
1818 2582 1902 2627 665

436 2660 654 2712 ἐκεῖθεν
678 2653 1010 2727 Ἀργειώτις-
1054 2654 1120 2713 οὐ
1147 2655 1250 2728 γὰρ
1278 2653 1346 2712 ἄν
1372 2679 1503 2712 ποτε

438 2743 628 2796 δέλτον
655 2739 705 2795 τ’
738 2748 942 2812 ἔπεμπε
968 2745 1059 2797 καὶ
1084 2739 1203 2797 τάδ’
1235 2740 1625 2813 ἐξεμάνθανεν,

438 2823 509 2891 ὠς
534 2824 695 2881 κοινά
720 2824 1257 2898 πράσσουσ’,”Αργος
1285 2832 1336 2882 εἰ
1357 2826 1592 2897 πράσσοι
1616 2831 1806 2889 καλως.

437 2916 617 2983 ἔφθης
641 2933 706 2982 με
733 2911 958 2982 μικρόν·
987 2909 1157 2967 ταύτὰ
1184 2911 1245 2967 δὲ
1271 2911 1492 2983 φθάσας
1515 2912 1707 2982 λέγεις,

795 3002 1032 3042 643-646
1058 3022 1112 3037 ---
1138 3004 1216 3043 647
1236 3024 1292 3031 -
1309 3004 1405 3044 650.
