2018 3117
133 250 184 300 Κ
188 251 245 298 Y.

133 334 249 382 ΟΛ.

128 417 182 465 Κ
188 419 244 465 Γ.

133 501 249 549 ΟΔ.

128 584 183 633 Κ
187 586 243 633 Τ.

114 663 127 672 ”
134 669 250 717 ΟΔ.

128 753 183 801 Κ
188 755 243 801 Y

130 837 275 885 ΣΕΙ.

134 921 183 968 K
189 923 243 969 Y.

132 1004 277 1052 ΣΕΙ.

130 1086 182 1134 K
187 1088 242 1135 T

129 1170 275 1219 ΣΕΙ.

127 1253 177 1302 Κ
186 1256 241 1302 Τ.

130 1340 275 1388 ΣΕΙ.

133 1592 234 1640 ΟΛ
239 1629 250 1639 .

131 1676 183 1724 Κ
187 1677 243 1724 Υ.

129 1759 273 1808 ΣΕΙ.

129 1844 184 1892 Κ
187 1846 243 1892 Y

127 1928 274 1976 ΣΕΙ.

134 2012 182 2060 Κ
186 2015 242 2061 Τ

131 2095 273 2145 ΣΕΙ.

130 2181 182 2229 Κ
186 2183 241 2229 Τ.

812 103 858 148 Κ
863 100 1053 148 ΥΚΛΩ
1065 103 1121 147 Ψ
1676 101 1773 152 185

315 238 507 304 διδούς
534 240 596 296 δὲ
623 252 732 304 τοῖς
757 247 968 311 φίλοισι
992 241 1409 311 χρησιμώτερος.

311 323 528 397 πυγμὰς
553 321 581 379 ὁ
605 330 785 396 κῶμος
808 325 1064 396 λοίδορόν
1087 322 1136 378 τ’
1165 331 1285 397 ἔριν
1308 333 1473 395 φιλεῖ.

312 408 633 480 μεθύωμεν·
662 414 830 509 ἔμπας
856 405 907 463 δ’
938 404 1088 471 οὔτις
1113 405 1181 462 ἂν
1206 408 1440 474 ψαύσειέ
1459 431 1583 480 μου.
1693 425 1775 467 535

314 495 354 548 ὦ
382 517 508 568 ταν,
536 490 808 547 πεπωκότ’
841 495 901 547 ἐν
924 492 1138 561 δόμοισι
1161 491 1297 564 χρὴ
1291 495 1492 548 ιιε’.νειν

312 537 532 648 ἠλίθιος
555 575 701 641 ὅστις
727 575 799 646 μὴ
826 575 969 630 πισὸν
993 581 1178 645 κῶμον
1203 584 1367 647 φιλεῖ.

321 659 378 726 ὃς
403 659 453 716 δ’
484 657 552 716 ἂν
575 666 879 732 μεθυσθείς
902 657 957 730 γ’
990 662 1049 714 ἐν
1073 659 1262 730 δόμοις
1286 667 1446 733 μείνῃ
1462 704 1475 730 ,
1503 661 1687 731 σοφός.

312 751 369 800 τί
389 750 634 817 δρῶμεν,
664 737 707 798 ὦ
732 746 992 814 Σειληνέ;
1018 745 1105 798 σοὶ
1129 747 1317 813 με’νειν
1342 750 1520 810 δοκεῖ;

320 834 486 885 δοκεῖ.
513 835 570 883 τί
587 827 690 899 γὰρ
717 832 805 882 δεῖ
823 834 1118 898 συμποτῶν
1143 825 1354 898 ἄλλων,
1378 829 1656 896 Κύκλωψ;
1692 843 1774 885 540

312 916 402 968 καὶ
426 912 535 984 μὴν
557 915 830 982 λαχνῶδές
854 909 907 983 γ’
935 905 1103 976 οὖδας
1128 908 1349 983 ἄνθηρᾷ
1368 915 1515 984 χλόῃ.

325 1002 415 1052 καὶ
441 1005 579 1068 πρός
603 1021 665 1068 γε
690 1003 906 1064 θάλπος
929 996 1091 1070 ἡλίου
1117 1007 1300 1056 πίνειν
1325 1005 1511 1057 καλόν.

322 1171 547 1236 κλίθητί
567 1169 676 1221 νύν
702 1189 793 1236 μοι
819 1168 1034 1237 πλευρὰ
1057 1171 1179 1232 θεὶς
1207 1172 1296 1224 ἐπὶ
1323 1171 1541 1239 χθονός.

321 1254 378 1302 τί
400 1253 536 1319 δῆτα
562 1251 658 1304 τὸν
684 1252 914 1320 κρατῆρ’
942 1251 1148 1306 ὄπισθέ
1168 1273 1275 1322 μου
1301 1258 1483 1322 τίθης;
1718 1263 1797 1303 545

321 1357 392 1397 ως
415 1332 487 1404 μὴ
512 1336 727 1404 παριών
750 1356 827 1396 τις
852 1333 1144 1404 καταλάβῃ.
1171 1340 1285 1388 KY.
1311 1339 1496 1389 πίνειν
1520 1335 1620 1405 μὲν
1643 1327 1746 1390 οὖν

320 1420 567 1472 κλέπτων
591 1415 661 1471 σύ
686 1416 900 1486 βούλει·
927 1416 1126 1482 κάτθες
1151 1415 1321 1472 αὐτὸν
1348 1423 1423 1482 είς
1445 1421 1628 1488 μέσον.

317 1501 386 1556 σὺ
412 1499 486 1571 δ’,
514 1494 557 1555 ὦ
583 1497 712 1570 ξέν’,
740 1501 856 1555 εἰπὲ
880 1498 1104 1571 τοῦνομ’
1133 1498 1164 1557 ὅ
1188 1525 1238 1556 τι
1263 1520 1323 1556 σε
1346 1501 1447 1572 χρὴ
1473 1510 1676 1558 καλεῖν.

324 1577 522 1640 Οὖτιν·
549 1585 711 1655 χάριν
738 1584 798 1639 δὲ
821 1591 944 1639 τίνα
969 1585 1156 1655 λαβών
1181 1583 1232 1640 σ’
1261 1588 1559 1653 ἐπαινε’σω;

310 1668 532 1724 πάντων
557 1666 607 1723 σ’
640 1670 872 1740 ἑταίρων
897 1665 1134 1724 ὕστατον
1157 1669 1508 1740 θοινάσομαι.
1692 1686 1774 1726 550

317 1753 487 1809 καλόν
509 1776 571 1823 γε
595 1751 653 1809 τὸ
681 1755 842 1824 γε’ρας
865 1760 939 1826 τῷ
965 1755 1101 1827 ξένω
1127 1758 1320 1823 δίδως,
1356 1754 1621 1821 Κύκλωψ.

315 1861 501 1907 ουτος,
529 1860 579 1891 τι
606 1842 768 1910 δρᾷς·
756 1880 768 1902 ,
795 1835 892 1892 τὸν
917 1836 1069 1892 οἶνον
1094 1840 1332 1902 ἐκπίνεις
1357 1838 1570 1912 λάθρᾳ·
1558 1883 1572 1906 ,

319 1919 448 1991 οὔκ,
476 1919 597 1976 ἀλλ’
628 1919 711 1991 ἔμ’
745 1913 904 1985 οὗτος
932 1927 1153 1992 ἔκυσεν,
1182 1919 1264 1977 ὅτι
1287 1921 1458 1977 καλὸν
1482 1925 1682 1994 βλέπω.

313 2006 564 2075 κλαύσει,
592 2010 772 2076 φιλων
795 2003 892 2060 τὸν
916 2005 1068 2060 οἶνον
1094 2004 1160 2061 οὐ
1186 2006 1457 2076 φιλοῦντα
1479 2024 1556 2063 σε.

317 2091 410 2145 ναὶ
433 2089 507 2161 μὰ
529 2088 646 2160 Δί’,
674 2093 798 2146 ε’πεί
815 2088 925 2161 μού
953 2087 1085 2161 φησ’
1115 2094 1246 2161 ἐρᾶν
1271 2088 1427 2155 ὄντος
1451 2097 1641 2147 καλοῦ.
1692 2104 1773 2145 555

315 2179 485 2244 ἔγχει,
513 2176 695 2230 πλέων
720 2174 781 2230 δὲ
804 2172 902 2230 τὸν
926 2175 1158 2244 σκύφον.
1185 2180 1218 2230 δ
1223 2180 1349 2231 ίδου
1373 2175 1561 2246 μόνον.

129 2264 275 2313 ΣΕΙ.
319 2265 433 2321 πῶς
460 2251 562 2313 οὖν
584 2260 869 2331 κέκραται;
897 2261 1031 2331 φέρε
1055 2259 1497 2330 διασκεψώμεθα.

127 2350 183 2397 Κ
186 2351 241 2397 Τ.

129 2601 182 2649 Κ
186 2603 242 2649 Υ.

136 2852 242 2900 ΚΤ.

311 2339 555 2406 ἀπολεῖς·
592 2341 686 2407 δὸς
711 2339 901 2406 οὕτως.
929 2350 1076 2397 ΣΕΙ.
1106 2345 1198 2398 ναὶ
1224 2342 1298 2413 μὰ
1321 2341 1416 2397 Δί’
1457 2341 1523 2398 οὐ
1547 2345 1679 2415 πρὶν
1706 2340 1774 2397 ἅν

879 2450 942 2498 γε
967 2427 1026 2482 σὲ

317 2511 592 2581 στέφανον
616 2515 718 2566 ἴδω
746 2510 984 2581 λαβόντα
1000 2553 1013 2580 ,
1041 2510 1325 2581 γεύσωμαί
1344 2513 1405 2566 τέ
1422 2534 1489 2566 τι.

315 2591 547 2667 ᾠνοχόος
572 2592 776 2659 ἄδικος.
803 2601 950 2649 ΣΕΙ.
978 2591 1044 2649 οὐ
1068 2593 1142 2665 μὰ
1163 2592 1282 2665 Δί’,
1321 2593 1440 2650 ἀλλ’
1470 2587 1611 2670 ᾦνος
1635 2601 1769 2666 γλυ-

880 2678 996 2742 κύς.
1688 2690 1770 2734 560

320 2760 665 2831 ἆπομυκτέον
691 2764 755 2817 δέ
775 2767 868 2817 σοί
888 2758 964 2833 γ’,
991 2759 1136 2827 ὅπως
1160 2762 1322 2832 λήψει
1346 2776 1509 2818 πιεῖν.

316 2845 463 2911 ἰδού,
490 2845 741 2914 καθαρὸν
764 2845 824 2901 τὸ
848 2852 1024 2916 χεῖλος
1048 2850 1110 2901 αἱ
1127 2853 1304 2917 τρίχες
1330 2849 1391 2901 τέ
1417 2870 1540 2916 μου.
