2018 3117
465 117 832 163 ῙΦΙΓΕΝΕΙΑ
863 117 922 162 Η
943 117 1040 162 ΕΝ
1081 116 1371 162 ΤΑΤΡΟΙΣ
1661 113 1725 165 97

275 254 305 312 ὃ
333 254 534 327 Φοῖβός
556 252 615 310 θ’
645 252 672 309 ὃ
700 254 890 325 μάντις
914 259 1053 323 ἔχων

277 341 509 395 κέλαδον
535 337 833 394 ἑπτατόνου
857 336 1028 406 λύρας

278 420 484 478 ἀείδων
508 420 621 488 ἄξει
645 420 884 487 λιπαρὰν
1624 436 1730 479 1130

281 499 347 562 εὖ
371 504 423 561 σ’
446 504 759 577 Ἀθηναίων
783 507 870 560 ἐπὶ
893 510 1014 575 γᾶν.

277 590 370 661 ἐμὲ
394 588 445 646 δ’
473 587 647 645 αὐτοῦ
671 594 976 661 προλιποῦ-

279 692 347 730 σα
370 674 526 746 βήσει
550 676 761 746 ῥοθίοις
787 671 1037 738 πλάταις·

278 755 398 830 άέρι
422 756 475 813 δ’
505 762 649 813 ἱστία
672 755 932 828 πρότονοι
956 755 1092 812 κατὰ

276 848 503 916 πρῷραν
525 839 665 913 ὑπὲρ
689 840 886 896 στόλον
908 840 1265 897 ἐκπετάσουσι
1289 840 1452 905 πόδες
1624 854 1732 898 1135

277 924 409 990 ναὸς
433 923 788 996 ὠκυπόμπου.

277 1008 526 1081 λαμπρὸν
553 1009 895 1080 ἱππόδρομον
919 1015 1100 1080 βαίην,
1504 1006 1619 1065 ἀντ.

276 1090 400 1150 ἕνθ’
430 1091 651 1149 εὐάλιον
675 1099 884 1164 ἔρχεται
908 1099 1019 1164 πῦρ
1037 1113 1047 1123 ·

279 1183 500 1233 οἰκείων
524 1176 576 1233 δ’
605 1175 744 1248 ὑπὲρ
770 1177 1037 1248 θαλάμων
1622 1191 1731 1234 1140

277 1264 549 1332 πτέρυγας
573 1265 632 1317 ἐν
655 1261 848 1326 νώτοις
874 1259 1029 1332 άμοϊς

277 1345 493 1416 λήξαιμι
517 1345 795 1413 θοάζουσα
810 1364 821 1374 ·

277 1427 474 1500 χοροὺς
498 1426 550 1484 δ’
581 1434 819 1500 ἱσταιήν,
848 1426 944 1485 ὅθι
968 1431 1060 1485 καὶ

277 1513 512 1584 πάροχος
538 1511 848 1583 εὐδοκίμων
872 1513 1079 1584 γάμων,

275 1595 422 1666 παρὰ
446 1594 571 1652 πόδ’
603 1601 914 1652 εἱλίσσουσα
939 1604 1100 1668 φίλας
1620 1613 1728 1654 1145

275 1679 476 1750 ματρὸς
498 1678 707 1752 ἡλίκων
731 1680 981 1751 θιάσους,

274 1767 327 1828 ἐς
351 1761 578 1835 ἁμίλλας
599 1770 853 1836 χαρίτων,

271 1853 460 1919 χλιδᾶς
495 1846 892 1920 ἁβροπλούτοιο

275 1936 348 1995 εἰς
369 1936 486 2002 ἔριν
507 1933 811 2002 ὀρνυμένα,
845 1939 1207 1988 πολυποίκιλα
1229 1933 1405 2003 φάρεα

272 2018 363 2072 καὶ
387 2017 700 2089 πλοκάμους
722 2020 1156 2090 περιβαλλομένα
1180 2020 1404 2089 γένυσιν
1618 2031 1728 2072 1150

271 2106 296 2135 *
318 2105 344 2135 *
378 2104 640 2169 ἐσκίαζον.

83 2192 200 2241 ΘΟ.
269 2190 375 2240 ποῦ
404 2183 520 2240 ’σθ’
550 2183 581 2257 ἡ
607 2185 861 2257 πυλωρὸς
883 2191 1058 2242 τῶνδε
1085 2186 1350 2257 δωμάτων
1374 2185 1515 2256 γυνὴ

267 2266 538 2340 Ἑλληνίς-ς
565 2267 669 2341 ἤδη
694 2277 806 2325 τῶν
830 2273 996 2338 ξένων
1025 2271 1339 2342 κατήρξατο,

272 2351 493 2418 ἀδύτοις
521 2351 569 2409 τ’
598 2358 658 2410 ἐν
684 2351 869 2425 ἁγνοῖς
896 2361 1049 2425 σῶμα
1073 2360 1366 2410 δάπτονται
1392 2365 1556 2425 πυρί;
1621 2367 1726 2408 1155

83 2444 198 2492 ΧΟ.
266 2433 358 2507 ἥδ’
386 2441 561 2508 ἐστίν,
589 2435 624 2509 ἦ
648 2456 733 2493 σοι
759 2436 941 2509 πάντ’,
969 2437 1128 2508 ἅναξ,
1155 2442 1270 2510 ε’ρεϊ
1289 2443 1492 2509 σαφῶς.

83 2528 199 2576 ΘΟ.
270 2526 330 2575 ἔα
346 2539 356 2549 ·

269 2610 327 2659 τί
345 2604 470 2660 τόδε
497 2612 769 2679 μεταίρεις
794 2610 844 2673 ἐξ
871 2604 1145 2678 ἀκινήτων
1169 2607 1418 2678 βάθρων,

265 2686 664 2759 Ἀγαμέμνονος
688 2704 812 2761 παῖ,
839 2697 975 2756 θεᾶς
1001 2689 1197 2763 ἄγαλμ’
1227 2694 1287 2747 ἐν
1314 2689 1534 2754 ὠλέναις
1554 2731 1568 2755 ,

84 2780 179 2829 ΙΦ.
270 2769 400 2838 ἅναξ
419 2815 432 2841 ,
461 2770 536 2842 ἔχ’
565 2771 737 2830 αὐτοῦ
766 2775 908 2832 πόδα
932 2774 1030 2831 σὸν
1056 2779 1114 2831 ἐν
1138 2774 1491 2846 παραστάσιν.

81 2863 197 2911 ΘΟ.
264 2862 322 2910 τί
341 2853 393 2910 δ’
423 2862 598 2927 ἔστιν,
617 2855 932 2930 Ἰφιγένεια,
957 2859 1151 2915 καινὸν
1176 2863 1234 2915 ἐν
1259 2858 1473 2929 δόμοις;
1615 2868 1727 2912 1¹5⁰

216 2953 364 2984 EVRIP.
401 2954 503 2985 vot„
540 2941 592 2985 Π.
1357 2936 1385 2980 ’7
