2018 3117
233 115 331 167 108
623 117 997 164 ΙΦΙΓΕΝΕΙΑ
1034 117 1087 162 Η
1123 118 1219 164 ΕΝ
1258 118 1554 164 ΤΑΥΡΟΙΣ

381 246 498 303 Ελλ
506 252 692 317 ηνίδας
711 258 974 317 γυναῖκας
994 250 1267 318 ἐξεφίεμαι

388 318 607 387 γνώμης
628 320 840 381 δικαίας
876 322 1058 386 εἵνεκ’,
1096 319 1330 381 ἐξέσωσα
1355 318 1416 371 δὲ

392 390 482 442 καὶ
502 392 631 473 πρίν
648 385 703 438 σ’
729 385 956 454 Ἀρείοις
977 389 1072 441 ένι
1058 388 1252 475 πάγοις
1272 388 1497 472 ψήφους
1513 393 1632 452 ἴσας
1776 401 1884 446 1470

387 453 601 525 κρίνασ’
608 455 886 541 ,Ὀρέστα·
908 459 997 509 καὶ
1015 454 1238 527 νόμισμ’
1255 460 1407 512 ε’σται
1423 458 1566 525 τόδε,

386 548 419 578 ν
424 531 549 580 ικᾶν
571 498 776 595 ἰσήρεις
796 524 943 590 ὅστις
964 523 1033 580 ἂν
1061 507 1285 610 ψήφους
1305 528 1462 597 λα’βῃ.

387 593 509 650 αλλ’
535 597 820 665 ἐκκομίζου
841 595 945 664 σὴν
973 596 1310 681 κασιγνήτην
1331 595 1568 682 χθονός,

383 664 783 753 ᾉγαμέμνονος
802 677 928 736 παῖ,
951 669 1040 721 καὶ
1061 666 1130 720 σύ
1153 665 1224 735 μὴ
1245 671 1466 734 θυμοῦ,
1491 665 1651 729 Θόας.

232 741 344 791 ΘΟ.
383 733 582 820 ᾅνασσ’
613 733 846 818 Ἀθάνα,
869 747 1009 790 τοῖσι
1030 741 1141 790 τῶν
1163 741 1314 790 θεων
1338 736 1522 804 λόγοις
1780 748 1886 792 1475

386 803 533 868 ὅστις
554 805 740 859 κλύων
762 778 987 870 ἄπιστος
1003 848 1016 875 ,
1040 804 1143 860 οὐκ
1167 804 1354 872 ὀρθως
1375 816 1589 874 φρονεῖ.

386 873 490 944 ἐγώ
512 873 562 929 δ’
585 873 805 962 Ορέστῃ
826 873 876 928 τ’
885 880 972 943 ,εἰ
981 878 1177 962 φέρων
1197 877 1391 946 βρέτας
1409 882 1544 938 θεᾶς

383 943 596 1030 βέβηκ’,
620 943 832 1032 ἀδελφῃ
853 944 903 999 τ’
929 943 1383 1030 οὐχὶθυμοῦμαι·
1407 949 1461 998 τί
1487 944 1591 1013 γὰρ

385 1013 522 1098 πρὸς
543 1013 671 1079 τοὺς
689 1017 990 1079 σθένοντας
1010 1014 1182 1079 θεούς
1203 1013 1538 1083 ἁμιλλᾶσθαι
1559 1013 1758 1079 καλόνς

385 1091 588 1139 ἴτωσαν
613 1089 686 1148 εἰς
708 1084 811 1153 σὴν
833 1084 939 1138 σὺν
960 1093 1096 1151 θεᾶς
1124 1067 1394 1171 ἀγάλματι
1778 1095 1889 1139 1480

387 1166 574 1225 γαῖαν,
597 1154 1034 1222 καθιδρύσαιντό
1063 1154 1111 1208 τ’
1139 1153 1382 1241 εὐτυχως
1403 1157 1612 1224 βρέτας.

387 1226 579 1294 πέμψω
608 1223 665 1277 δὲ
687 1225 775 1277 καὶ
796 1221 951 1278 τασδ’
978 1221 1188 1278 Ἑλλάδ’
1217 1240 1291 1286 εις
1313 1223 1614 1293 εὐδαίμονα

385 1305 649 1362 γυναῖκας
663 1335 676 1362 ,
701 1292 884 1361 ὠσπερ
907 1292 1009 1346 σὸν
1029 1292 1284 1363 κέλευσμ’
1311 1296 1534 1364 ἐφίεται.

386 1364 579 1416 παύσω
603 1363 661 1417 65
681 1365 885 1432 λόγχην
907 1361 977 1433 ἣν
999 1365 1290 1449 ἐπαίρομαι
1315 1367 1491 1429 ξένοις

387 1454 531 1486 νεων
558 1430 605 1486 τ’
634 1434 858 1515 ε’ρετμα,
882 1434 967 1487 σοὶ
988 1431 1108 1488 τάδ’
1135 1456 1206 1497 ως
1229 1438 1406 1503 δοκεῖ,
1427 1434 1550 1488 θεά.
1778 1447 1887 1492 1485

240 1510 343 1558 ΑΘ.
386 1507 566 1590 [αι’νω
590 1503 649 1557 τὸ
672 1501 774 1572 γὰρ
796 1524 974 1571 χρεων
1002 1509 1105 1557 σοῦ
1127 1525 1183 1557 τε
1205 1505 1293 1557 καὶ
1313 1511 1465 1558 θεων
1490 1511 1714 1575 κρατεῖ.]

387 1570 456 1626 ι”τ
484 1594 524 1626 ω
549 1578 739 1641 πνοαί,
761 1578 1163 1628 ναυσθλοῦσθε
1184 1572 1282 1627 τὸν
1308 1571 1711 1662 Ἀγαμέμνονος

386 1640 537 1696 παῖδ’
564 1647 638 1706 εἰς
663 1615 931 1728 Ἀθήνας·
956 1643 1411 1732 συμπορεύσομαι
1444 1642 1495 1698 δ’
1520 1644 1645 1715 ἐγω,

387 1710 618 1777 σώζουσ’
637 1711 890 1798 αδελφῆς
912 1717 1004 1781 τῆς
1026 1715 1151 1781 ἐμῆς
1179 1729 1296 1782 σεμ
1287 1713 1385 1768 ιόν
1406 1717 1616 1784 βρέτας.

234 1789 344 1837 XO.
385 1778 453 1835 ἐτ’
480 1779 562 1835 ἐπ’
590 1779 812 1867 εὐτυχία
833 1787 925 1850 τῆς
945 1785 1252 1867 σωζομένης
1777 1794 1887 1837 1490

386 1856 586 1938 μοίρας
598 1840 918 1918 εὐδαίμονες
939 1850 1111 1915 ὄντες.

395 1918 516 1974 αλλ’
543 1943 583 1975 ω
607 1919 778 2004 σεμνὴ
804 1942 948 1990 παρα
970 1919 1019 1975 τ’
1043 1920 1343 1987 αθανάτοις

385 1993 475 2044 καὶ
496 2011 644 2059 παρα
664 2000 922 2077 θνητοῖς,
938 1990 1160 2055 Παλλὰς
1175 1989 1403 2050 Ἀθανα

387 2061 662 2144 δρασομεν
685 2061 862 2125 οὕτως
884 2083 956 2125 ως
978 2060 1046 2115 σύ
1069 2062 1326 2127 κελεύεις.

386 2131 531 2200 μαλα
551 2130 654 2217 γὰρ
675 2132 918 2199 τερπνὴν
940 2130 1301 2186 κάνέλπιστον
1779 2143 1887 2187 1495

387 2201 577 2288 φῄμην
599 2199 815 2255 ἀκοαῖσι
837 2203 1111 2285 δέδεγμαι

387 2276 447 2339 [ω
471 2292 607 2339 μεγα
635 2286 805 2339 σεμνη
827 2274 1001 2340 Νίκη,
1024 2267 1121 2323 τὸν
1142 2272 1274 2339 ἐμον

387 2345 575 2430 βίοτον
596 2341 838 2424 κατέχοις

387 2410 477 2464 καὶ
497 2432 569 2479 μη
594 2409 783 2479 λήγοις
805 2415 1175 2479 στεφανοῦσα.
1180 2415 1195 2480 ]
