<?xml version="1.0" encoding="UTF-8"?>
<!DOCTYPE html PUBLIC "-//W3C//DTD XHTML 1.0 Transitional//EN"
    "http://www.w3.org/TR/xhtml1/DTD/xhtml1-transitional.dtd">
<html xmlns="http://www.w3.org/1999/xhtml" xml:lang="en" lang="en">
 <head>
  <title>
</title>
<meta http-equiv="Content-Type" content="text/html;charset=utf-8" />
  <meta name='ocr-system' content='tesseract 3.04.00' />
  <meta name='ocr-capabilities' content='ocr_page ocr_carea ocr_par ocr_line ocrx_word'/>
</head>
<body>
  <div class='ocr_page' id='page_1' title='image "./euripidistragoe02euriuoft_0197.png"; bbox 0 0 2018 3117; ppageno 0'>
   <div class='ocr_carea' id='block_1_1' title="bbox 880 119 1779 168">
    <p class='ocr_par' dir='ltr' id='par_1_1' title="bbox 880 119 1779 168">
     <span class='ocr_line' id='line_1_1' title="bbox 880 119 1779 168; baseline 0.002 -2"><span class='ocrx_word' id='word_1_1' title='bbox 880 120 1015 168; x_wconf 79' lang='grc' dir='ltr'><em>ΙῼΝ</em></span> <span class='ocrx_word' id='word_1_2' title='bbox 1684 119 1779 168; x_wconf 79' lang='grc'><em>147</em></span> 
     </span>
    </p>
   </div>
   <div class='ocr_carea' id='block_1_2' title="bbox 143 257 1792 2859">
    <p class='ocr_par' dir='ltr' id='par_1_2' title="bbox 143 257 1657 334">
     <span class='ocr_line' id='line_1_2' title="bbox 143 257 1657 334; baseline -0.001 -16"><span class='ocrx_word' id='word_1_3' title='bbox 143 269 252 319; x_wconf 78' lang='lat' dir='ltr'><em>XO.</em></span> <span class='ocrx_word' id='word_1_4' title='bbox 315 266 547 317; x_wconf 79' lang='grc' dir='ltr'><em>Εἰνοδία</em></span> <span class='ocrx_word' id='word_1_5' title='bbox 572 261 816 332; x_wconf 77' lang='grc' dir='ltr'><em>θύγατερ</em></span> <span class='ocrx_word' id='word_1_6' title='bbox 842 261 1159 332; x_wconf 78' lang='grc' dir='ltr'><em>Δάματρος,</em></span> <span class='ocrx_word' id='word_1_7' title='bbox 1191 257 1225 315; x_wconf 70' lang='grc' dir='ltr'><em>οἳ</em></span> <span class='ocrx_word' id='word_1_8' title='bbox 1250 267 1360 316; x_wconf 81' lang='grc' dir='ltr'><em>των</em></span> <span class='ocrx_word' id='word_1_9' title='bbox 1543 282 1657 334; x_wconf 90' lang='grc' dir='ltr'><em>στρ.</em></span> 
     </span>
    </p>

    <p class='ocr_par' dir='ltr' id='par_1_3' title="bbox 321 342 1792 2786">
     <span class='ocr_line' id='line_1_3' title="bbox 328 342 1190 417; baseline 0 -17"><span class='ocrx_word' id='word_1_10' title='bbox 328 345 674 402; x_wconf 82' lang='grc' dir='ltr'><strong><em>νυκτιπόλων</em></strong></span> <span class='ocrx_word' id='word_1_11' title='bbox 699 345 917 417; x_wconf 78' lang='grc' dir='ltr'><em>ἐφόδων</em></span> <span class='ocrx_word' id='word_1_12' title='bbox 941 342 1190 409; x_wconf 84' lang='grc' dir='ltr'><em>ᾶνάσσεις</em></span> 
     </span>
     <span class='ocr_line' id='line_1_4' title="bbox 326 426 1787 501; baseline 0.001 -16"><span class='ocrx_word' id='word_1_13' title='bbox 326 431 419 486; x_wconf 81' lang='grc' dir='ltr'><em>καὶ</em></span> <span class='ocrx_word' id='word_1_14' title='bbox 441 436 824 501; x_wconf 70' lang='grc' dir='ltr'><em>μεθαμερίων,</em></span> <span class='ocrx_word' id='word_1_15' title='bbox 852 426 1065 484; x_wconf 77' lang='grc' dir='ltr'><em>ὅδωσον</em></span> <span class='ocrx_word' id='word_1_16' title='bbox 1096 429 1463 485; x_wconf 88' lang='grc' dir='ltr'><em>δυσθανάτων</em></span> <span class='ocrx_word' id='word_1_17' title='bbox 1678 445 1787 486; x_wconf 93' lang='grc'>1050</span> 
     </span>
     <span class='ocr_line' id='line_1_5' title="bbox 329 510 1450 619; baseline -0.001 -50"><span class='ocrx_word' id='word_1_18' title='bbox 329 515 618 585; x_wconf 83' lang='grc' dir='ltr'><em>κρατήρων</em></span> <span class='ocrx_word' id='word_1_19' title='bbox 644 511 971 619; x_wconf 76' lang='grc' dir='ltr'><em>πληρώματ’,</em></span> <span class='ocrx_word' id='word_1_20' title='bbox 998 511 1087 584; x_wconf 83' lang='grc' dir='ltr'><em>ἐφ’</em></span> <span class='ocrx_word' id='word_1_21' title='bbox 1119 510 1226 569; x_wconf 81' lang='grc' dir='ltr'><em>οἷσι</em></span> <span class='ocrx_word' id='word_1_22' title='bbox 1252 516 1450 585; x_wconf 81' lang='grc' dir='ltr'><em>πέμπει</em></span> 
     </span>
     <span class='ocr_line' id='line_1_6' title="bbox 325 596 1314 673; baseline 0 -20"><span class='ocrx_word' id='word_1_23' title='bbox 325 598 519 654; x_wconf 90' lang='grc' dir='ltr'><em>πότνια</em></span> <span class='ocrx_word' id='word_1_24' title='bbox 545 596 720 655; x_wconf 81' lang='grc' dir='ltr'><em>πότνι’</em></span> <span class='ocrx_word' id='word_1_25' title='bbox 752 597 850 669; x_wconf 84' lang='grc' dir='ltr'><em>ἐμᾶ</em></span> <span class='ocrx_word' id='word_1_26' title='bbox 875 604 1104 668; x_wconf 80' lang='grc' dir='ltr'><em>χθονίας</em></span> <span class='ocrx_word' id='word_1_27' title='bbox 1259 658 1314 673; x_wconf 78' lang='lat'>...-</span> 
     </span>
     <span class='ocr_line' id='line_1_7' title="bbox 327 674 1788 754; baseline 0.001 -16"><span class='ocrx_word' id='word_1_28' title='bbox 327 689 379 738; x_wconf 92' lang='grc' dir='ltr'><em>Γ</em></span> <span class='ocrx_word' id='word_1_29' title='bbox 375 707 575 754; x_wconf 81' lang='grc' dir='ltr'><em>οογους</em></span> <span class='ocrx_word' id='word_1_30' title='bbox 599 683 942 754; x_wconf 75' lang='grc' dir='ltr'><em>λαιμοτόμων</em></span> <span class='ocrx_word' id='word_1_31' title='bbox 967 679 1072 738; x_wconf 82' lang='grc' dir='ltr'><em>ᾶπο</em></span> <span class='ocrx_word' id='word_1_32' title='bbox 1049 674 1425 754; x_wconf 45' lang='grc' dir='ltr'><em>’σταλαγμων</em></span> <span class='ocrx_word' id='word_1_33' title='bbox 1680 698 1788 739; x_wconf 87' lang='grc'>1055</span> 
     </span>
     <span class='ocr_line' id='line_1_8' title="bbox 328 765 911 842; baseline 0 -20"><span class='ocrx_word' id='word_1_34' title='bbox 328 773 402 842; x_wconf 77' lang='grc' dir='ltr'><em>τῷ</em></span> <span class='ocrx_word' id='word_1_35' title='bbox 428 774 538 823; x_wconf 77' lang='grc' dir='ltr'><em>τῶν</em></span> <span class='ocrx_word' id='word_1_36' title='bbox 562 765 911 839; x_wconf 77' lang='grc' dir='ltr'><em>Ἐρεχθειδᾶν</em></span> 
     </span>
     <span class='ocr_line' id='line_1_9' title="bbox 331 852 928 926; baseline 0 -19"><span class='ocrx_word' id='word_1_37' title='bbox 331 852 516 921; x_wconf 88' lang='grc' dir='ltr'><em>δόμων</em></span> <span class='ocrx_word' id='word_1_38' title='bbox 545 855 928 926; x_wconf 79' lang='grc' dir='ltr'><em>ἐφαπτομένῳ·</em></span> 
     </span>
     <span class='ocr_line' id='line_1_10' title="bbox 327 933 1346 1007; baseline 0.001 -16"><span class='ocrx_word' id='word_1_39' title='bbox 327 938 469 1007; x_wconf 83' lang='grc' dir='ltr'><em>μηδέ</em></span> <span class='ocrx_word' id='word_1_40' title='bbox 493 934 613 992; x_wconf 80' lang='grc' dir='ltr'><em>ποτ’</em></span> <span class='ocrx_word' id='word_1_41' title='bbox 646 933 806 1001; x_wconf 84' lang='grc' dir='ltr'><em>ᾶλλος</em></span> <span class='ocrx_word' id='word_1_42' title='bbox 837 934 1019 992; x_wconf 71' lang='grc' dir='ltr'><em>ἄλλων</em></span> <span class='ocrx_word' id='word_1_43' title='bbox 1049 934 1142 991; x_wconf 73' lang='grc' dir='ltr'><em>ἀπ’</em></span> <span class='ocrx_word' id='word_1_44' title='bbox 1178 946 1346 992; x_wconf 81' lang='grc' dir='ltr'><em>οἴκων</em></span> 
     </span>
     <span class='ocr_line' id='line_1_11' title="bbox 329 1018 793 1086; baseline -0.002 -9"><span class='ocrx_word' id='word_1_45' title='bbox 329 1021 537 1086; x_wconf 89' lang='grc' dir='ltr'><em>πόλεως</em></span> <span class='ocrx_word' id='word_1_46' title='bbox 567 1018 793 1076; x_wconf 75' lang='grc' dir='ltr'><em>ἀνάσσοι</em></span> 
     </span>
     <span class='ocr_line' id='line_1_12' title="bbox 331 1102 1790 1179; baseline -0.001 -17"><span class='ocrx_word' id='word_1_47' title='bbox 331 1104 474 1176; x_wconf 87' lang='grc' dir='ltr'><em>πλὴν</em></span> <span class='ocrx_word' id='word_1_48' title='bbox 502 1112 612 1160; x_wconf 78' lang='grc' dir='ltr'><em>τῶν</em></span> <span class='ocrx_word' id='word_1_49' title='bbox 640 1102 934 1177; x_wconf 77' lang='grc' dir='ltr'><em>εὐγενετᾶν</em></span> <span class='ocrx_word' id='word_1_50' title='bbox 958 1104 1328 1179; x_wconf 82' lang='grc' dir='ltr'><em>Ἐρεχθειδᾶν.</em></span> <span class='ocrx_word' id='word_1_51' title='bbox 1681 1119 1790 1162; x_wconf 91' lang='grc'>1060</span> 
     </span>
     <span class='ocr_line' id='line_1_13' title="bbox 332 1187 1704 1262; baseline 0 -17"><span class='ocrx_word' id='word_1_52' title='bbox 332 1196 382 1245; x_wconf 88' lang='grc' dir='ltr'><em>ει’</em></span> <span class='ocrx_word' id='word_1_53' title='bbox 405 1188 456 1245; x_wconf 88' lang='grc' dir='ltr'><em>δ’</em></span> <span class='ocrx_word' id='word_1_54' title='bbox 491 1188 642 1246; x_wconf 81' lang='grc' dir='ltr'><em>ᾶτελ</em></span> <span class='ocrx_word' id='word_1_55' title='bbox 620 1215 682 1262; x_wconf 85' lang='grc' dir='ltr'><em>ης</em></span> <span class='ocrx_word' id='word_1_56' title='bbox 710 1190 947 1256; x_wconf 87' lang='grc' dir='ltr'><em>θάνατος</em></span> <span class='ocrx_word' id='word_1_57' title='bbox 972 1195 1216 1247; x_wconf 81' lang='grc' dir='ltr'><em>σπουδαί</em></span> <span class='ocrx_word' id='word_1_58' title='bbox 1235 1214 1292 1247; x_wconf 91' lang='grc' dir='ltr'><em>τε</em></span> <span class='ocrx_word' id='word_1_59' title='bbox 1317 1196 1540 1247; x_wconf 89' lang='grc' dir='ltr'><em>δεσποί-</em></span> <span class='ocrx_word' id='word_1_60' title='bbox 1590 1187 1704 1246; x_wconf 81' lang='grc' dir='ltr'><em>ᾶντ.</em></span> 
     </span>
     <span class='ocr_line' id='line_1_14' title="bbox 332 1272 1268 1376; baseline 0.002 -46"><span class='ocrx_word' id='word_1_61' title='bbox 332 1298 458 1345; x_wconf 78' lang='grc' dir='ltr'><em>νας,</em></span> <span class='ocrx_word' id='word_1_62' title='bbox 491 1272 521 1330; x_wconf 89' lang='grc' dir='ltr'><em>ό</em></span> <span class='ocrx_word' id='word_1_63' title='bbox 544 1299 601 1330; x_wconf 92' lang='grc' dir='ltr'><em>τε</em></span> <span class='ocrx_word' id='word_1_64' title='bbox 631 1274 819 1376; x_wconf 83' lang='grc' dir='ltr'><em>καιρὸς</em></span> <span class='ocrx_word' id='word_1_65' title='bbox 845 1273 1027 1331; x_wconf 77' lang='grc' dir='ltr'><em>ᾶπεισι</em></span> <span class='ocrx_word' id='word_1_66' title='bbox 1054 1275 1268 1346; x_wconf 80' lang='grc' dir='ltr'><em>τόλμας,</em></span> 
     </span>
     <span class='ocr_line' id='line_1_15' title="bbox 331 1356 1530 1432; baseline 0.003 -20"><span class='ocrx_word' id='word_1_67' title='bbox 331 1358 397 1413; x_wconf 83' lang='grc' dir='ltr'><em>οὑ</em></span> <span class='ocrx_word' id='word_1_68' title='bbox 419 1382 524 1413; x_wconf 87' lang='grc' dir='ltr'><em>νυν</em></span> <span class='ocrx_word' id='word_1_69' title='bbox 546 1362 739 1425; x_wconf 73' lang='grc' dir='ltr'><em>ἐλπὶςέ</em></span> <span class='ocrx_word' id='word_1_70' title='bbox 715 1362 956 1430; x_wconf 83' lang='grc' dir='ltr'><em>ε’φαινετ’</em></span> <span class='ocrx_word' id='word_1_71' title='bbox 964 1406 978 1432; x_wconf 70' lang='grc'>,</span> <span class='ocrx_word' id='word_1_72' title='bbox 1022 1356 1055 1431; x_wconf 80' lang='grc' dir='ltr'><em>ἢ</em></span> <span class='ocrx_word' id='word_1_73' title='bbox 1079 1359 1292 1431; x_wconf 79' lang='grc' dir='ltr'><em>θηκτὸν</em></span> <span class='ocrx_word' id='word_1_74' title='bbox 1317 1357 1521 1431; x_wconf 78' lang='grc' dir='ltr'><em>ξίφος</em></span> <span class='ocrx_word' id='word_1_75' title='bbox 1497 1359 1530 1431; x_wconf 78' lang='grc' dir='ltr'><em>η’</em></span> 
     </span>
     <span class='ocr_line' id='line_1_16' title="bbox 329 1443 1789 1518; baseline 0.001 -20"><span class='ocrx_word' id='word_1_76' title='bbox 329 1449 539 1514; x_wconf 89' lang='grc' dir='ltr'><em>λαιμων</em></span> <span class='ocrx_word' id='word_1_77' title='bbox 573 1445 754 1511; x_wconf 77' lang='grc' dir='ltr'><em>ἐξάψει</em></span> <span class='ocrx_word' id='word_1_78' title='bbox 789 1445 990 1518; x_wconf 83' lang='grc' dir='ltr'><em>βρόχον</em></span> <span class='ocrx_word' id='word_1_79' title='bbox 1020 1443 1161 1516; x_wconf 83' lang='grc' dir='ltr'><em>ᾶμφι</em></span> <span class='ocrx_word' id='word_1_80' title='bbox 1191 1445 1398 1517; x_wconf 83' lang='grc' dir='ltr'><em>δειρήν,</em></span> <span class='ocrx_word' id='word_1_81' title='bbox 1679 1457 1789 1501; x_wconf 88' lang='grc'>1065</span> 
     </span>
     <span class='ocr_line' id='line_1_17' title="bbox 327 1527 1159 1596; baseline 0.001 -13"><span class='ocrx_word' id='word_1_82' title='bbox 327 1529 532 1584; x_wconf 87' lang='grc' dir='ltr'><em>πάθεσι</em></span> <span class='ocrx_word' id='word_1_83' title='bbox 556 1528 738 1585; x_wconf 85' lang='grc' dir='ltr'><em>πάθεα</em></span> <span class='ocrx_word' id='word_1_84' title='bbox 764 1527 815 1584; x_wconf 93' lang='grc' dir='ltr'><em>δ</em></span> <span class='ocrx_word' id='word_1_85' title='bbox 845 1527 1159 1596; x_wconf 83' lang='grc' dir='ltr'><em>ἐξανύτουσ’</em></span> 
     </span>
     <span class='ocr_line' id='line_1_18' title="bbox 329 1600 1317 1684; baseline -0.001 -16"><span class='ocrx_word' id='word_1_86' title='bbox 329 1618 406 1677; x_wconf 83' lang='grc' dir='ltr'><em>εἰς</em></span> <span class='ocrx_word' id='word_1_87' title='bbox 432 1609 597 1677; x_wconf 83' lang='grc' dir='ltr'><em>ᾶλλας</em></span> <span class='ocrx_word' id='word_1_88' title='bbox 624 1613 813 1684; x_wconf 79' lang='grc' dir='ltr'><em>βιότου</em></span> <span class='ocrx_word' id='word_1_89' title='bbox 849 1600 1317 1682; x_wconf 29' lang='grc' dir='ltr'><em>κᾶτεῖσιλιιᾶόφᾶς</em></span> 
     </span>
     <span class='ocr_line' id='line_1_19' title="bbox 328 1694 1085 1769; baseline 0.001 -16"><span class='ocrx_word' id='word_1_90' title='bbox 328 1694 395 1753; x_wconf 84' lang='grc' dir='ltr'><em>ού</em></span> <span class='ocrx_word' id='word_1_91' title='bbox 426 1696 529 1768; x_wconf 78' lang='grc' dir='ltr'><em>γὰρ</em></span> <span class='ocrx_word' id='word_1_92' title='bbox 563 1697 750 1768; x_wconf 90' lang='grc' dir='ltr'><em>δόμων</em></span> <span class='ocrx_word' id='word_1_93' title='bbox 779 1695 833 1768; x_wconf 77' lang='grc' dir='ltr'><em>γ’</em></span> <span class='ocrx_word' id='word_1_94' title='bbox 868 1700 1085 1769; x_wconf 80' lang='grc' dir='ltr'><em>ἑτέρους</em></span> 
     </span>
     <span class='ocr_line' id='line_1_20' title="bbox 326 1780 1792 1852; baseline 0 -15"><span class='ocrx_word' id='word_1_95' title='bbox 326 1780 591 1852; x_wconf 70' lang='grc' dir='ltr'><em>ἄρχοντας</em></span> <span class='ocrx_word' id='word_1_96' title='bbox 617 1780 964 1848; x_wconf 80' lang='grc' dir='ltr'><em>ἀλλοδαποὺς</em></span> <span class='ocrx_word' id='word_1_97' title='bbox 1681 1794 1792 1838; x_wconf 91' lang='grc'>1070</span> 
     </span>
     <span class='ocr_line' id='line_1_21' title="bbox 325 1864 1285 1939; baseline 0.001 -18"><span class='ocrx_word' id='word_1_98' title='bbox 325 1866 467 1934; x_wconf 76' lang='grc' dir='ltr'><em>ζῶσά</em></span> <span class='ocrx_word' id='word_1_99' title='bbox 491 1865 611 1922; x_wconf 83' lang='grc' dir='ltr'><em>ποτ’</em></span> <span class='ocrx_word' id='word_1_100' title='bbox 647 1864 904 1939; x_wconf 85' lang='grc' dir='ltr'><em>ὀμμάτων</em></span> <span class='ocrx_word' id='word_1_101' title='bbox 928 1871 987 1924; x_wconf 83' lang='grc' dir='ltr'><em>ἐν</em></span> <span class='ocrx_word' id='word_1_102' title='bbox 1019 1880 1285 1939; x_wconf 79' lang='grc' dir='ltr'><em>φαενναῖς</em></span> 
     </span>
     <span class='ocr_line' id='line_1_22' title="bbox 328 1947 895 2022; baseline 0.004 -17"><span class='ocrx_word' id='word_1_103' title='bbox 328 1948 564 2022; x_wconf 74' lang='grc' dir='ltr'><em>ἀνέχοιτ’</em></span> <span class='ocrx_word' id='word_1_104' title='bbox 600 1947 669 2006; x_wconf 82' lang='grc' dir='ltr'><em>ᾶν</em></span> <span class='ocrx_word' id='word_1_105' title='bbox 699 1949 895 2022; x_wconf 69' lang='grc' dir='ltr'><em>αὐγαῖς</em></span> 
     </span>
     <span class='ocr_line' id='line_1_23' title="bbox 328 2032 1325 2108; baseline 0.002 -18"><span class='ocrx_word' id='word_1_106' title='bbox 328 2032 361 2090; x_wconf 79' lang='grc' dir='ltr'>ἁ</span> <span class='ocrx_word' id='word_1_107' title='bbox 390 2042 500 2090; x_wconf 79' lang='grc' dir='ltr'><em>τῶν</em></span> <span class='ocrx_word' id='word_1_108' title='bbox 533 2032 872 2108; x_wconf 82' lang='grc' dir='ltr'><em>εὐπατριδᾶν</em></span> <span class='ocrx_word' id='word_1_109' title='bbox 902 2034 1102 2108; x_wconf 73' lang='grc' dir='ltr'><em>γεγῶσ’</em></span> <span class='ocrx_word' id='word_1_110' title='bbox 1139 2045 1325 2093; x_wconf 80' lang='grc' dir='ltr'><em>οἴκων.</em></span> 
     </span>
     <span class='ocr_line' id='line_1_24' title="bbox 327 2119 1673 2193; baseline 0.001 -19"><span class='ocrx_word' id='word_1_111' title='bbox 327 2119 654 2192; x_wconf 79' lang='grc' dir='ltr'><em>αἰσχύνομαι</em></span> <span class='ocrx_word' id='word_1_112' title='bbox 683 2119 781 2177; x_wconf 86' lang='grc' dir='ltr'><em>τὸν</em></span> <span class='ocrx_word' id='word_1_113' title='bbox 810 2122 1134 2193; x_wconf 83' lang='grc' dir='ltr'><em>πολύυμνον</em></span> <span class='ocrx_word' id='word_1_114' title='bbox 1559 2142 1673 2190; x_wconf 86' lang='grc' dir='ltr'><em>στρ.</em></span> 
     </span>
     <span class='ocr_line' id='line_1_25' title="bbox 323 2204 1791 2279; baseline 0.001 -19"><span class='ocrx_word' id='word_1_115' title='bbox 323 2205 460 2260; x_wconf 84' lang='grc' dir='ltr'><em>θεόν</em></span> <span class='ocrx_word' id='word_1_116' title='bbox 477 2248 492 2275; x_wconf 81' lang='lat'>,</span> <span class='ocrx_word' id='word_1_117' title='bbox 521 2211 571 2260; x_wconf 83' lang='grc' dir='ltr'><em>εἰ</em></span> <span class='ocrx_word' id='word_1_118' title='bbox 591 2204 739 2278; x_wconf 79' lang='grc' dir='ltr'><em>παρὰ</em></span> <span class='ocrx_word' id='word_1_119' title='bbox 763 2206 1131 2279; x_wconf 84' lang='grc' dir='ltr'><em>καλλιχόροισι</em></span> <span class='ocrx_word' id='word_1_120' title='bbox 1159 2220 1357 2279; x_wconf 73' lang='grc' dir='ltr'><em>παγαῖς</em></span> <span class='ocrx_word' id='word_1_121' title='bbox 1687 2218 1791 2262; x_wconf 85' lang='grc'>1075</span> 
     </span>
     <span class='ocr_line' id='line_1_26' title="bbox 323 2289 1089 2363; baseline 0.004 -19"><span class='ocrx_word' id='word_1_122' title='bbox 323 2289 578 2361; x_wconf 83' lang='grc' dir='ltr'><em>λαμπάδα</em></span> <span class='ocrx_word' id='word_1_123' title='bbox 601 2289 825 2363; x_wconf 86' lang='grc' dir='ltr'><em>θεωρὸν</em></span> <span class='ocrx_word' id='word_1_124' title='bbox 852 2292 1089 2347; x_wconf 84' lang='grc' dir='ltr'><em>εἰκάδων</em></span> 
     </span>
     <span class='ocr_line' id='line_1_27' title="bbox 325 2370 1148 2447; baseline 0.005 -19"><span class='ocrx_word' id='word_1_125' title='bbox 325 2370 517 2440; x_wconf 74' lang='grc' dir='ltr'><em>ὄψεται</em></span> <span class='ocrx_word' id='word_1_126' title='bbox 543 2375 793 2446; x_wconf 82' lang='grc' dir='ltr'><em>ἐννύχιος</em></span> <span class='ocrx_word' id='word_1_127' title='bbox 818 2373 1026 2441; x_wconf 79' lang='grc' dir='ltr'><em>ᾶνπνος</em></span> <span class='ocrx_word' id='word_1_128' title='bbox 1053 2373 1148 2447; x_wconf 71' lang='grc' dir='ltr'><em>ὤν,</em></span> 
     </span>
     <span class='ocr_line' id='line_1_28' title="bbox 325 2455 1041 2533; baseline 0.006 -21"><span class='ocrx_word' id='word_1_129' title='bbox 325 2455 413 2514; x_wconf 75' lang='grc' dir='ltr'><em>ὅτε</em></span> <span class='ocrx_word' id='word_1_130' title='bbox 443 2461 534 2514; x_wconf 82' lang='grc' dir='ltr'><em>καὶ</em></span> <span class='ocrx_word' id='word_1_131' title='bbox 558 2459 696 2526; x_wconf 86' lang='grc' dir='ltr'><em>Διὸς</em></span> <span class='ocrx_word' id='word_1_132' title='bbox 727 2457 1041 2533; x_wconf 77' lang='grc' dir='ltr'><em>ἀστερωπὸς</em></span> 
     </span>
     <span class='ocr_line' id='line_1_29' title="bbox 325 2539 905 2617; baseline 0.005 -19"><span class='ocrx_word' id='word_1_133' title='bbox 325 2539 689 2614; x_wconf 78' lang='grc' dir='ltr'><em>ἀνεχόρευσεν</em></span> <span class='ocrx_word' id='word_1_134' title='bbox 719 2545 905 2617; x_wconf 73' lang='grc' dir='ltr'><em>αἰθήρ,</em></span> 
     </span>
     <span class='ocr_line' id='line_1_30' title="bbox 323 2627 1790 2700; baseline 0.001 -17"><span class='ocrx_word' id='word_1_135' title='bbox 323 2627 539 2700; x_wconf 88' lang='grc' dir='ltr'><em>χορεύει</em></span> <span class='ocrx_word' id='word_1_136' title='bbox 566 2629 626 2685; x_wconf 75' lang='grc' dir='ltr'><em>δὲ</em></span> <span class='ocrx_word' id='word_1_137' title='bbox 651 2629 853 2686; x_wconf 87' lang='grc' dir='ltr'><em>σελάνα</em></span> <span class='ocrx_word' id='word_1_138' title='bbox 1681 2642 1790 2685; x_wconf 88' lang='grc'>1080</span> 
     </span>
     <span class='ocr_line' id='line_1_31' title="bbox 321 2714 960 2786; baseline 0.005 -19"><span class='ocrx_word' id='word_1_139' title='bbox 321 2714 414 2768; x_wconf 76' lang='grc' dir='ltr'><em>καὶ</em></span> <span class='ocrx_word' id='word_1_140' title='bbox 438 2714 775 2786; x_wconf 85' lang='grc' dir='ltr'><em>πεντήκοντα</em></span> <span class='ocrx_word' id='word_1_141' title='bbox 799 2714 960 2785; x_wconf 84' lang='grc' dir='ltr'><em>κόραι</em></span> 
     </span>
    </p>

    <p class='ocr_par' dir='ltr' id='par_1_4' title="bbox 592 2813 1331 2859">
     <span class='ocr_line' id='line_1_32' title="bbox 592 2813 1331 2859; baseline 0 -3"><span class='ocrx_word' id='word_1_142' title='bbox 592 2813 909 2859; x_wconf 75' lang='grc'>1048-1060</span> <span class='ocrx_word' id='word_1_143' title='bbox 927 2831 995 2851; x_wconf 80' lang='lat'><strong><em>=</em></strong></span> <span class='ocrx_word' id='word_1_144' title='bbox 1018 2815 1206 2859; x_wconf 82' lang='lat'>1061—</span> <span class='ocrx_word' id='word_1_145' title='bbox 1220 2814 1331 2858; x_wconf 79' lang='lat'><strong>1073</strong></span> 
     </span>
    </p>
   </div>
   <div class='ocr_carea' id='block_1_3' title="bbox 593 2894 1516 3005">
    <p class='ocr_par' dir='ltr' id='par_1_5' title="bbox 593 2894 1516 3005">
     <span class='ocr_line' id='line_1_33' title="bbox 593 2894 1516 3005; baseline 0.001 -68"><span class='ocrx_word' id='word_1_146' title='bbox 593 2894 909 2938; x_wconf 70' lang='lat'>1074-—1089</span> <span class='ocrx_word' id='word_1_147' title='bbox 930 2910 1000 2933; x_wconf 66' lang='grc' dir='ltr'><strong>Ξ</strong></span> <span class='ocrx_word' id='word_1_148' title='bbox 1020 2896 1207 2939; x_wconf 83' lang='grc' dir='ltr'>109Ο-</span> <span class='ocrx_word' id='word_1_149' title='bbox 1221 2899 1330 2940; x_wconf 80' lang='lat'>1105</span> <span class='ocrx_word' id='word_1_150' title='bbox 1409 2913 1472 3005; x_wconf 47' lang='lat'><em>10</em></span> <span class='ocrx_word' id='word_1_151' title='bbox 1490 2957 1516 2987; x_wconf 65' lang='lat'>*</span> 
     </span>
    </p>
   </div>
  </div>
 </body>
</html>
