2018 3117
58 245 157 293 AX
165 288 168 290 ,

57 411 108 459 Κ
117 412 169 459 Α.

55 580 167 628 ΑΧ.

53 704 164 795 ΚΛ.

48 915 164 964 ΑΧ.

49 1082 160 1130 ΚΛ.

44 1251 159 1298 AX.

39 1587 158 1634 AX.

38 1753 151 1802 ΠΡ.

36 1923 155 1969 ΑΧ.

37 2005 98 2053 Π
94 2006 149 2053 Ρ.

35 2091 154 2137 ΑΧ.

37 2173 95 2221 Π
93 2175 147 2221 Ρ.

34 2343 151 2389 ΑΧ.

35 2509 92 2556 Π
93 2509 147 2556 Ρ.

33 2592 148 2641 ΚΛ.

33 2675 146 2724 ΠΡ.

33 2760 148 2809 ΑΧ.

428 100 803 146 ΙΦΙΓΕΝΕΙΑ
841 101 897 145 Η
927 102 1027 147 ΕΝ
1057 103 1311 148 ΑΥΛΙΔΙ
1630 104 1693 157 3}

238 243 430 301 ποίους
453 238 660 308 γάμους
685 238 822 309 φής,
851 236 1060 309 ἀφασία
1084 237 1143 311 μ’
1172 247 1305 312 ἔχει,
1332 243 1514 313 γύναι.

244 326 294 376 εἰ
314 320 388 392 μή
412 345 462 375 τι
485 328 839 393 παρανοοῦσα
863 338 1209 394 καινουργεῖς
1231 325 1413 397 λόγον.

237 410 403 460 πᾶσιν
427 404 547 460 τόδ’
576 408 919 476 ἐμπέφυκεν,
945 411 1224 465 αἰδεῖσθαι
1249 417 1446 481 φίλους

239 487 463 554 καινοὺς
488 486 655 561 ὁρῶσι
679 491 770 543 καὶ
794 490 971 560 γάμου
994 495 1387 562 μεμνημένους.
1609 512 1696 554 840

235 570 516 628 οὐπώποτ’
545 572 881 645 ἐμνήστευσα
905 579 1073 630 παῖδα
1097 576 1225 646 σήν,
1252 577 1432 647 γύναι,

237 653 361 712 οὐδ’
390 659 441 722 ἐξ
462 655 754 728 Ἀτρειδῶν
777 650 920 728 ἦλθέ
939 682 1029 728 μοι
1053 658 1211 729 λόγος
1236 660 1441 731 γάμων.

233 747 289 795 τί
310 745 341 794 δ
348 738 431 810 ἦτ’
460 737 528 795 ἂν
554 749 666 812 εἴη;
696 738 765 796 σῦ
791 741 954 796 πάλιν
978 735 1052 797 αῦ
1075 743 1274 813 λόγους
1299 744 1461 816 ἐμοὺς

236 822 474 894 θαύμαζ’
494 843 504 853 ·
531 827 648 895 ἐμοὶ
671 823 774 895 γὰρ
800 824 1046 896 θαύματ’
1074 829 1185 883 ἐστὶ
1209 829 1347 882 τάπό
1387 836 1505 882 σοῦ.

236 915 436 974 εἴκαζε·
463 907 654 964 κοινόν
679 912 825 963 ἐστιν
851 909 1081 977 εἰκάζειν
1104 912 1234 966 τάδε
1250 931 1260 940 ·
1608 929 1693 972 845

235 990 397 1063 ἄμφω
423 991 527 1064 γὰρ
552 990 618 1047 οῦ
645 991 969 1064 ψευδόμεθα
994 1008 1104 1059 τοῖς
1127 995 1310 1067 λόγοις
1336 1005 1480 1061 ἴσως.

228 1074 349 1131 ἀλλ’
378 1069 412 1146 ἦ
437 1079 689 1131 πέπονθα
716 1077 896 1144 δεινάς
923 1080 1209 1150 μνηστεύω
1237 1079 1443 1151 γάμους

233 1157 334 1216 οὐκ
360 1157 547 1230 ὄντας,
576 1158 647 1225 ῶς
673 1166 900 1228 εἰξασιν·
928 1168 1186 1235 αἰδοῦμαι
1209 1164 1353 1220 τάδε.

231 1253 359 1308 ἴσως
385 1242 709 1315 ἐκερτόμησε
733 1243 868 1316 κάμε
895 1249 987 1301 καὶ
1011 1251 1074 1302 σε’
1095 1273 1189 1312 τις.
1682 1319 1690 1323 ‚

232 1326 352 1382 ἀλλ’
382 1326 577 1401 ἀμελίᾳ
602 1328 696 1393 δὸς
722 1327 862 1385 αὐτὰ
888 1332 979 1386 καὶ
1005 1332 1230 1401 φαύλως
1256 1335 1407 1404 φέρε.
1603 1350 1691 1393 850

224 1410 369 1483 χαῖρ’
390 1430 400 1440 ·
427 1408 494 1467 οὐ
519 1412 622 1485 γὰρ
648 1410 838 1484 ὀρθοῖς
862 1411 1098 1485 ὄμμασίν
1133 1413 1184 1470 σ’
1215 1414 1290 1471 ἔτ’
1319 1423 1531 1490 εἰσορῶ,

230 1495 438 1568 ψευδὴς
462 1500 728 1567 γενομένη
753 1500 844 1552 καὶ
867 1497 1110 1554 παθοῦσ’
1140 1496 1348 1565 ἀνάξια.

226 1581 318 1634 καὶ
341 1581 427 1635 σοὶ
453 1577 569 1634 τόδ’
599 1583 745 1635 ἐστὶν
769 1584 820 1646 ἐξ
844 1585 975 1652 ἐμοῦ
991 1601 1002 1611 ·
1039 1583 1203 1638 πόσιν
1227 1585 1287 1639 δὲ
1313 1584 1412 1640 σὸν

231 1670 421 1734 στείχω
445 1662 733 1734 ματεύσων
756 1670 930 1720 τῶνδε
955 1666 1222 1737 δωμάτων
1246 1673 1368 1723 ἔσω.
1603 1687 1689 1728 854

230 1741 275 1802 ῶ
297 1745 428 1817 ξέν’,
454 1753 670 1804 Αἰακοῦ
696 1751 992 1820 γένεθλον,
1019 1764 1239 1821 μεῖνον,
1268 1745 1312 1806 a?
1335 1755 1399 1808 σε’
1419 1776 1501 1808 τοι
1523 1758 1683 1827 λέγω,

227 1830 324 1887 τὸν
347 1837 482 1896 θεᾶς
505 1839 716 1904 γεγῶτα
740 1838 938 1903 παῖδα,
964 1837 1056 1889 καὶ
1080 1836 1140 1890 σὲ
1164 1834 1265 1907 τὴν
1287 1837 1472 1908 Λήδας
1494 1839 1684 1911 κόρην.

223 1922 304 1981 τίς
327 1912 554 1972 ὁκαλῶν
568 1917 742 1981 πύλας
756 1922 1043 1989 παροι’ξας;
1073 1916 1144 1984 ῶς
1158 1921 1501 1992 τεταρβηκῶς
1513 1931 1684 1979 καλεῖ.

223 2004 436 2070 δοῦλος,
464 1998 564 2070 οὐχ
590 1999 899 2082 ἆὲρύνομαι
925 2002 1059 2077 τῷδ’
1079 2023 1090 2033 ·
1126 2000 1159 2074 ἡ
1185 2004 1319 2075 τύχη
1346 2004 1449 2078 γὰρ
1476 2004 1578 2064 οῦκ
1604 2012 1681 2082 ἐᾷ

222 2090 397 2151 τίνος;
424 2085 549 2155 ἐμὸς
572 2086 673 2156 μὲν
697 2081 847 2155 οὐχί·
883 2089 1050 2159 χωρὶς
1083 2086 1223 2159 τάμά
1256 2087 1680 2162 κάγαμέμνονος.

222 2173 385 2239 τῆσδε
430 2175 522 2241 τῆς
567 2169 838 2242 πάροιθεν
886 2179 1084 2243 οἴκων,
1150 2174 1445 2245 Τυνδάρεω
1494 2174 1684 2242 δόντος

781 2254 997 2327 πατρός.
1596 2274 1682 2317 860

222 2339 478 2408 ἕσταμεν·
527 2336 709 2410 φράζ’,
770 2346 824 2393 εἴ
860 2363 910 2394 τι
953 2342 1188 2413 χρῄζεις,
1239 2335 1318 2396 ῶν
1362 2341 1419 2413 μ’
1466 2346 1681 2415 ἐπέσχες

801 2421 998 2479 εἵνεκα.

221 2495 257 2574 ἧ
280 2504 430 2574 μόνω
457 2505 695 2576 παρόντε
720 2511 751 2560 δ
759 2512 856 2577 ἦτα
879 2507 1056 2564 ταῖσδ’
1087 2512 1382 2580 ἐφέστατον
1409 2512 1634 2578 πύλαις;

221 2585 292 2652 ῶς
304 2587 491 2658 μόνοις
503 2592 680 2662 λέγοις
695 2587 789 2659 ἄν,
818 2593 915 2656 ἔξω
933 2589 986 2646 δ’
1013 2593 1140 2648 ἐλθὲ
1162 2600 1458 2664 βασιλικῶν
1475 2595 1674 2665 δόμων.

217 2664 262 2726 cg
284 2672 417 2743 τύχη
443 2672 675 2743 πρόνοιά
708 2675 767 2728 θ’
794 2674 922 2746 ἡμή,
954 2678 1165 2732 σῶσαθ’
1196 2674 1293 2742 οῦς
1317 2678 1420 2748 ἐγῶ
1445 2682 1610 2733 θέλω.

217 2751 244 2809 ὁ
268 2755 427 2826 λόγος
443 2763 518 2822 εἰς
541 2753 782 2828 μέλλοντ’
809 2754 1019 2814 άνοίσει
1039 2759 1267 2831 χρόνον·
1297 2767 1402 2831 ἔχει
1428 2759 1480 2816 δ’
1507 2762 1676 2816 ὄκνον

774 2840 912 2898 τινά.
1591 2858 1677 2902 865
