2018 3117
234 79 334 129 282
894 77 1209 124 ΟΡΕΣΤΗΣ

423 219 659 291 στέρξεις
705 215 770 272 τὰ
814 214 1113 289 κρανθέντ’
1136 242 1149 284 3
1195 215 1385 290 οἰκτρὰ
1435 216 1535 289 μὲν
1580 213 1724 287 τάδ’,
1771 212 1870 271 ἀλλ

989 324 1136 372 ομως

430 393 644 462 [φέρειν
669 387 878 454 ἀνάγκη
905 384 999 447 τὰς
1023 385 1379 451 παρεστώσας
1403 387 1612 456 τύχας]

241 478 357 528 HA.
430 472 523 526 καὶ
547 474 662 534 πῶς
689 475 909 537 σιωπῶ,
939 471 1142 541 φέγγος
1169 475 1390 541 εἰσορᾶν
1415 475 1555 524 θεοῦ
1786 482 1894 524 1025

429 552 547 610 τόδ’
583 550 781 609 ουκέθ’
810 551 942 626 ἡμῖν
965 567 1077 619 τοῖς
1103 553 1468 624 ταλαιπώροις
1492 555 1640 623 μέτα.

240 638 489 696 ΟΡ.σύ
516 639 590 711 μή
613 635 670 709 μ’
701 635 982 695 ἀπόκτειν’
1002 636 1158 704 ’ἅλις
1187 636 1281 694 ἀπ’
1303 635 1549 740 ᾌργείας
1571 634 1727 707 χερὸς

428 721 652 794 τέθνηχ’
683 720 710 778 ὁ
736 723 980 795 τλήμων·
1012 722 1076 778 τὰ
1102 724 1162 779 δε
1190 720 1420 796 παρόντ’
1453 729 1511 778 εα
1538 719 1694 777 κακά.

239 817 358 865 HA.
431 813 471 864 ὠ
504 811 692 880 μέλεος
717 805 852 880 ἥβης
877 813 1000 879 σῆς,
1026 805 1276 879 Ὀρέστα,
1305 831 1439 863 και
1425 806 1636 878 πότμου

431 893 682 949 θανάτου
711 891 756 948 τ’
788 891 990 965 ἀῶρου.
1019 899 1113 964 ζῆν
1139 896 1304 965 ἐχρῆν
1332 890 1405 963 σ’,
1433 888 1515 948 ὅτ’
1545 886 1728 947 οὐκέτ’
1759 888 1821 944 εἷ.

244 986 350 1035 ΟΡ.
429 977 501 1050 μὴ
529 976 663 1050 πρὸς
688 984 842 1033 θεῶν
866 1001 956 1049 μοι
982 978 1280 1050 περιβάλῃς
1306 975 1630 1049 ἀνανδρίαν,
1788 987 1893 1031 1031

435 1069 510 1128 εἰς
539 1061 755 1134 δάκρυα
779 1060 1160 1164 πορθμεύουσ’
1191 1061 1498 1134 ὑπομνήσει
1524 1064 1726 1116 κακῶν.

240 1155 362 1205 HA.
429 1145 778 1218 θανούμεθ’·
806 1145 908 1218 οὐχ
933 1143 1052 1202 οἷόν
1077 1170 1134 1202 τε
1159 1147 1230 1219 μὴ
1260 1150 1472 1203 στένειν
1501 1143 1659 1201 κακά.

433 1238 600 1288 πᾶσιν
623 1230 728 1303 γὰρ
753 1230 976 1304 οἰκτρὸν
998 1229 1030 1304 ἡ
1058 1239 1192 1303 φίλη
1216 1230 1362 1303 ψυχὴ
1393 1238 1625 1303 βροτοῖς.

247 1325 354 1374 ΟΡ.
426 1314 548 1373 τόδ’
577 1317 724 1388 ἦμαρ
752 1314 885 1388 ἡμῖν
912 1316 1137 1389 κύριον·
1168 1322 1257 1373 δεῖ
1278 1315 1329 1372 δ’
1361 1312 1395 1388 ἦ
1419 1315 1655 1388 βρόχους
1791 1326 1898 1369 1035

436 1399 628 1457 ἀπτειν
652 1400 989 1473 κρεμαστοὺς
1017 1397 1051 1473 ἢ
1076 1403 1233 1473 ξίφος
1258 1402 1457 1474 θήγειν
1480 1406 1615 1472 χερί.

248 1494 365 1543 ΗΛ.
430 1487 500 1542 συ’
527 1486 635 1542 νυ’ν
658 1483 735 1557 μ’,
763 1483 997 1558 ἀδελφέ,
1025 1486 1098 1558 μή
1123 1511 1202 1552 τις
1220 1485 1484 1560 Ἀργείων
1511 1483 1683 1556 κτάνῃ

435 1569 678 1644 ὕβρισμα
703 1573 937 1643 θέμενος
960 1571 1058 1627 τὸν
1083 1569 1481 1644 Ἀγαμέμνονος
1507 1568 1692 1641 γόνον.

248 1663 354 1712 ΟΡ.
430 1653 548 1720 ἅλις
572 1655 631 1711 τὸ
658 1655 859 1727 μητρὸς
884 1652 999 1728 αἷμ’
1030 1662 1131 1727 ἔχω
1148 1676 1158 1685 ·
1186 1658 1244 1713 σὲ
1271 1655 1324 1712 δ’
1353 1653 1419 1711 οὐ
1445 1660 1636 1723 κτενῶ,

438 1738 559 1796 ἀλλ’
589 1738 869 1813 αὐτόχειρι
894 1739 1092 1813 θνῆσχ’
1127 1739 1233 1815 ὅτῳ
1258 1741 1450 1814 βούλει
1477 1739 1678 1813 τρόπω.
1791 1750 1901 1792 1040

249 1833 366 1882 HA.
438 1832 585 1881 ἔσται
613 1824 735 1881 τάδ’
754 1845 765 1855 ·
806 1824 974 1882 οὐδὲν
1004 1832 1105 1882 σοῦ
1141 1829 1336 1898 ξίφους
1363 1831 1708 1895 λελείψομαι·

438 1908 556 1965 ἀλλ’
590 1908 918 1982 ἀμφιθεῖναι
943 1919 1010 1984 σῇ
1037 1913 1168 1984 δέρῃ
1192 1914 1339 1967 θέλω
1365 1914 1539 1983 χέρας.

252 2003 358 2051 ΟΡ.
433 1997 636 2065 τέρπου
664 1995 834 2068 κενὴν
859 1993 1080 2068 ὄνησιν,
1110 2002 1159 2052 εί
1183 1995 1421 2068 τερπνὸν
1445 1995 1572 2052 τόδε

439 2078 690 2136 θανάτου
720 2083 885 2146 πέλας
909 2087 1138 2152 βεβῶσι,
1168 2088 1485 2152 περιβαλεῖν
1509 2082 1684 2152 χέρας.

249 2172 370 2221 HA.
441 2157 484 2219 ῶ
511 2162 746 2235 φίλτατ,
775 2167 814 2219 ai
846 2162 1116 2220 ποθεινὸν
1141 2163 1365 2237 ήδιστόν
1395 2163 1443 2221 τ’
1476 2170 1615 2235 ἔχων
1796 2175 1903 2219 1045

441 2255 534 2320 τῆς
558 2255 655 2320 σῆς
681 2246 775 2305 ἀδε
761 2247 967 2321 λφῆς’
949 2249 1122 2321 όνομα
1143 2252 1235 2305 καὶ
1259 2249 1443 2321 ψυχὴν
1466 2256 1614 2320 μιᾞαν

255 2342 361 2390 ΟΡ.
443 2340 500 2390 ἔκ
529 2340 617 2389 τοί
635 2357 701 2405 με
725 2334 924 2406 τήξεις·
956 2341 1054 2390 καί
1077 2332 1128 2389 σ’
1157 2332 1497 2406 ἀμείψασθαι
1521 2336 1671 2390 θέλω

447 2418 697 2490 φιλότητι
718 2425 935 2490 χειρῶν.
962 2425 1019 2474 τί
1038 2417 1140 2491 γὰρ
1171 2417 1246 2475 ἔτ’
1275 2425 1534 2490 αἰδοῦμαι
1561 2418 1753 2483 τάλας;

446 2504 486 2558 ῶ
517 2501 699 2574 στέρν’
731 2502 1002 2576 ἀδελφῆς,
1034 2505 1074 2558 ῶ
1104 2511 1270 2576 φίλον
1294 2499 1641 2576 πρόσπτυγμ’
1669 2506 1818 2574 ἐμοί,

443 2587 564 2643 τάδ’
597 2585 719 2644 ἀντι
746 2594 962 2644 παίδων
987 2613 1079 2644 και
1102 2596 1374 2660 γαμηλίου
1400 2590 1590 2660 λέχους
1800 2600 1905 2642 1050

447 2671 869 2744 προσφθέγματ’
899 2671 1040 2745 ἀμφὶ
1065 2686 1175 2738 τοῖς
1204 2672 1568 2747 ταλαιπῶροις
1594 2671 1756 2739 πάρα.

254 2763 374 2813 ΗΛ.
443 2761 580 2827 φεῦ·
