<?xml version="1.0" encoding="UTF-8"?>
<!DOCTYPE html PUBLIC "-//W3C//DTD XHTML 1.0 Transitional//EN"
    "http://www.w3.org/TR/xhtml1/DTD/xhtml1-transitional.dtd">
<html xmlns="http://www.w3.org/1999/xhtml" xml:lang="en" lang="en">
 <head>
  <title>
</title>
<meta http-equiv="Content-Type" content="text/html;charset=utf-8" />
  <meta name='ocr-system' content='tesseract 3.04.00' />
  <meta name='ocr-capabilities' content='ocr_page ocr_carea ocr_par ocr_line ocrx_word'/>
</head>
<body>
  <div class='ocr_page' id='page_1' title='image "./euripidistragoe02euriuoft_0454.png"; bbox 0 0 2018 3117; ppageno 0'>
   <div class='ocr_carea' id='block_1_1' title="bbox 255 91 1250 143">
    <p class='ocr_par' dir='ltr' id='par_1_1' title="bbox 255 91 1250 143">
     <span class='ocr_line' id='line_1_1' title="bbox 255 91 1250 143; baseline -0.007 0"><span class='ocrx_word' id='word_1_1' title='bbox 255 91 362 143; x_wconf 78' lang='lat'><em>404</em></span> <span class='ocrx_word' id='word_1_2' title='bbox 873 92 1250 138; x_wconf 87' lang='grc' dir='ltr'><em>ΦΟΙΝΙΣΣΑ]</em></span> 
     </span>
    </p>
   </div>
   <div class='ocr_carea' id='block_1_2' title="bbox 255 229 1924 2925">
    <p class='ocr_par' dir='ltr' id='par_1_2' title="bbox 255 229 1924 2925">
     <span class='ocr_line' id='line_1_2' title="bbox 446 229 1487 304; baseline -0.002 -16"><span class='ocrx_word' id='word_1_3' title='bbox 446 235 739 304; x_wconf 75' lang='grc' dir='ltr'><em>κεραυνῶν</em></span> <span class='ocrx_word' id='word_1_4' title='bbox 762 252 820 285; x_wconf 91' lang='grc' dir='ltr'><em>τε</em></span> <span class='ocrx_word' id='word_1_5' title='bbox 846 235 965 301; x_wconf 77' lang='grc' dir='ltr'><em>φῶς</em></span> <span class='ocrx_word' id='word_1_6' title='bbox 989 229 1284 301; x_wconf 75' lang='grc' dir='ltr'><em>αἰθαλόεν,</em></span> <span class='ocrx_word' id='word_1_7' title='bbox 1310 233 1381 286; x_wconf 88' lang='grc' dir='ltr'><em>σύ</em></span> <span class='ocrx_word' id='word_1_8' title='bbox 1402 254 1487 287; x_wconf 90' lang='grc' dir='ltr'><em>τοι</em></span> 
     </span>
     <span class='ocr_line' id='line_1_3' title="bbox 448 311 1503 388; baseline -0.002 -16"><span class='ocrx_word' id='word_1_9' title='bbox 448 319 857 388; x_wconf 77' lang='grc' dir='ltr'><em>μεγαλαγορίαν</em></span> <span class='ocrx_word' id='word_1_10' title='bbox 881 311 1200 386; x_wconf 77' lang='grc' dir='ltr'><em>ὑπεράνορα</em></span> <span class='ocrx_word' id='word_1_11' title='bbox 1224 320 1503 387; x_wconf 51' lang='grc' dir='ltr'><em>κοιμίζεις</em></span> 
     </span>
     <span class='ocr_line' id='line_1_4' title="bbox 449 398 1920 470; baseline -0.005 -13"><span class='ocrx_word' id='word_1_12' title='bbox 449 398 535 457; x_wconf 76' lang='grc' dir='ltr'><em>ὅδ’</em></span> <span class='ocrx_word' id='word_1_13' title='bbox 573 403 750 470; x_wconf 83' lang='grc' dir='ltr'><em>ἐστίν,</em></span> <span class='ocrx_word' id='word_1_14' title='bbox 779 402 1179 470; x_wconf 80' lang='grc' dir='ltr'><em>αἰχμαλωτίδας</em></span> <span class='ocrx_word' id='word_1_15' title='bbox 1840 417 1920 460; x_wconf 76' lang='grc'><em>185</em></span> 
     </span>
     <span class='ocr_line' id='line_1_5' title="bbox 448 483 1311 557; baseline -0.002 -15"><span class='ocrx_word' id='word_1_16' title='bbox 448 483 507 551; x_wconf 78' lang='grc' dir='ltr'><em>ὃς</em></span> <span class='ocrx_word' id='word_1_17' title='bbox 531 487 656 557; x_wconf 86' lang='grc' dir='ltr'><em>δορὶ</em></span> <span class='ocrx_word' id='word_1_18' title='bbox 684 489 928 555; x_wconf 82' lang='grc' dir='ltr'><em>Θηβαίας</em></span> <span class='ocrx_word' id='word_1_19' title='bbox 950 489 1311 555; x_wconf 84' lang='grc' dir='ltr'><em>Μυκηνηίσιν</em></span> 
     </span>
     <span class='ocr_line' id='line_1_6' title="bbox 446 567 1263 643; baseline -0.005 -16"><span class='ocrx_word' id='word_1_20' title='bbox 446 577 694 643; x_wconf 78' lang='grc' dir='ltr'><em>Λερναίᾳ</em></span> <span class='ocrx_word' id='word_1_21' title='bbox 718 592 776 625; x_wconf 89' lang='grc' dir='ltr'><em>τε</em></span> <span class='ocrx_word' id='word_1_22' title='bbox 803 567 1005 624; x_wconf 73' lang='grc' dir='ltr'><em>δώσειν</em></span> <span class='ocrx_word' id='word_1_23' title='bbox 1028 574 1263 643; x_wconf 77' lang='grc' dir='ltr'><em>τριαίνᾳ,</em></span> 
     </span>
     <span class='ocr_line' id='line_1_7' title="bbox 447 652 1234 725; baseline -0.004 -14"><span class='ocrx_word' id='word_1_24' title='bbox 447 660 832 719; x_wconf 78' lang='grc' dir='ltr'><em>Ποσειδανίοις</em></span> <span class='ocrx_word' id='word_1_25' title='bbox 869 652 1234 725; x_wconf 78' lang='grc' dir='ltr'><em>Ἀμυμωνίοις</em></span> 
     </span>
     <span class='ocr_line' id='line_1_8' title="bbox 447 738 1303 811; baseline -0.004 -15"><span class='ocrx_word' id='word_1_26' title='bbox 447 739 641 811; x_wconf 76' lang='grc' dir='ltr'><em>ὕδασι,</em></span> <span class='ocrx_word' id='word_1_27' title='bbox 672 745 933 795; x_wconf 89' lang='grc' dir='ltr'><em>δουλείαν</em></span> <span class='ocrx_word' id='word_1_28' title='bbox 959 762 1083 808; x_wconf 84' lang='grc' dir='ltr'><em>περι</em></span> <span class='ocrx_word' id='word_1_29' title='bbox 1087 738 1303 810; x_wconf 74' lang='grc' dir='ltr'><em>βαλώνς</em></span> 
     </span>
     <span class='ocr_line' id='line_1_9' title="bbox 445 821 1922 898; baseline 0 -17"><span class='ocrx_word' id='word_1_30' title='bbox 445 826 653 898; x_wconf 87' lang='grc' dir='ltr'><em>μήποτε</em></span> <span class='ocrx_word' id='word_1_31' title='bbox 675 824 884 896; x_wconf 89' lang='grc' dir='ltr'><em>μήποτε</em></span> <span class='ocrx_word' id='word_1_32' title='bbox 909 821 1088 895; x_wconf 87' lang='grc' dir='ltr'><em>τάνδ’,</em></span> <span class='ocrx_word' id='word_1_33' title='bbox 1117 847 1157 878; x_wconf 92' lang='grc' dir='ltr'><em>ω</em></span> <span class='ocrx_word' id='word_1_34' title='bbox 1189 823 1403 896; x_wconf 90' lang='grc' dir='ltr'><em>πότνια,</em></span> <span class='ocrx_word' id='word_1_35' title='bbox 1841 840 1922 884; x_wconf 85' lang='grc'><em>190</em></span> 
     </span>
     <span class='ocr_line' id='line_1_10' title="bbox 444 907 1383 983; baseline -0.004 -16"><span class='ocrx_word' id='word_1_36' title='bbox 444 911 959 983; x_wconf 83' lang='grc' dir='ltr'><em>χρυσεοβόστρυχον</em></span> <span class='ocrx_word' id='word_1_37' title='bbox 988 932 1029 964; x_wconf 90' lang='grc' dir='ltr'><em>ω</em></span> <span class='ocrx_word' id='word_1_38' title='bbox 1056 907 1195 973; x_wconf 86' lang='grc' dir='ltr'><em>Διὸς</em></span> <span class='ocrx_word' id='word_1_39' title='bbox 1225 914 1383 981; x_wconf 79' lang='grc' dir='ltr'><em>ἔρνος</em></span> 
     </span>
     <span class='ocr_line' id='line_1_11' title="bbox 430 993 1299 1069; baseline -0.002 -17.964"><span class='ocrx_word' id='word_1_40' title='bbox 430 993 684 1069; x_wconf 71' lang='grc' dir='ltr'><em>’Ἀρτεμι,</em></span> <span class='ocrx_word' id='word_1_41' title='bbox 712 994 1065 1050; x_wconf 80' lang='grc' dir='ltr'><em>δουλοσύναν</em></span> <span class='ocrx_word' id='word_1_42' title='bbox 1088 999 1299 1065; x_wconf 88' lang='grc' dir='ltr'><em>τλαίην.</em></span> 
     </span>
     <span class='ocr_line' id='line_1_12' title="bbox 255 1077 1609 1151; baseline -0.004 -13"><span class='ocrx_word' id='word_1_43' title='bbox 255 1087 409 1138; x_wconf 86' lang='grc' dir='ltr'><em>ΠΑΙ.</em></span> <span class='ocrx_word' id='word_1_44' title='bbox 444 1105 484 1136; x_wconf 90' lang='grc' dir='ltr'><em>ω</em></span> <span class='ocrx_word' id='word_1_45' title='bbox 514 1083 739 1150; x_wconf 83' lang='grc' dir='ltr'><em>τέκνον,</em></span> <span class='ocrx_word' id='word_1_46' title='bbox 771 1086 936 1151; x_wconf 83' lang='grc' dir='ltr'><em>εἴσβα</em></span> <span class='ocrx_word' id='word_1_47' title='bbox 954 1083 1111 1149; x_wconf 74' lang='grc' dir='ltr'><em>δῶμα</em></span> <span class='ocrx_word' id='word_1_48' title='bbox 1137 1080 1229 1133; x_wconf 83' lang='grc' dir='ltr'><em>καὶ</em></span> <span class='ocrx_word' id='word_1_49' title='bbox 1254 1077 1391 1133; x_wconf 79' lang='grc' dir='ltr'><em>κατὰ</em></span> <span class='ocrx_word' id='word_1_50' title='bbox 1416 1081 1609 1149; x_wconf 79' lang='grc' dir='ltr'><em>στέγας</em></span> 
     </span>
     <span class='ocr_line' id='line_1_13' title="bbox 446 1163 1573 1237; baseline -0.003 -15"><span class='ocrx_word' id='word_1_51' title='bbox 446 1169 507 1222; x_wconf 83' lang='grc' dir='ltr'><em>ἐν</em></span> <span class='ocrx_word' id='word_1_52' title='bbox 530 1171 857 1237; x_wconf 79' lang='grc' dir='ltr'><em>παρθενῶσι</em></span> <span class='ocrx_word' id='word_1_53' title='bbox 882 1170 1046 1235; x_wconf 85' lang='grc' dir='ltr'><em>μίμνε</em></span> <span class='ocrx_word' id='word_1_54' title='bbox 1073 1176 1214 1233; x_wconf 89' lang='grc' dir='ltr'><em>σοις,</em></span> <span class='ocrx_word' id='word_1_55' title='bbox 1245 1164 1363 1219; x_wconf 82' lang='grc' dir='ltr'><em>ἐπεὶ</em></span> <span class='ocrx_word' id='word_1_56' title='bbox 1387 1163 1573 1219; x_wconf 85' lang='grc' dir='ltr'><em>πόθου</em></span> 
     </span>
     <span class='ocr_line' id='line_1_14' title="bbox 448 1250 1922 1323; baseline 0 -17"><span class='ocrx_word' id='word_1_57' title='bbox 448 1256 523 1315; x_wconf 82' lang='grc' dir='ltr'><em>εἰς</em></span> <span class='ocrx_word' id='word_1_58' title='bbox 547 1252 742 1323; x_wconf 78' lang='grc' dir='ltr'><em>τέρψιν</em></span> <span class='ocrx_word' id='word_1_59' title='bbox 771 1243 942 1320; x_wconf 78' lang='grc' dir='ltr'><em>ἧλ-ςθε</em></span> <span class='ocrx_word' id='word_1_60' title='bbox 968 1250 1047 1304; x_wconf 77' lang='grc' dir='ltr'><em>ὠν</em></span> <span class='ocrx_word' id='word_1_61' title='bbox 1072 1254 1286 1322; x_wconf 71' lang='grc' dir='ltr'><em>ἔχρῃζες</em></span> <span class='ocrx_word' id='word_1_62' title='bbox 1318 1254 1563 1305; x_wconf 81' lang='grc' dir='ltr'><em>εἰσιδεῖν.</em></span> <span class='ocrx_word' id='word_1_63' title='bbox 1839 1262 1922 1307; x_wconf 80' lang='lat'><em>195</em></span> 
     </span>
     <span class='ocr_line' id='line_1_15' title="bbox 446 1333 1660 1407; baseline -0.002 -16"><span class='ocrx_word' id='word_1_64' title='bbox 446 1333 540 1406; x_wconf 82' lang='grc' dir='ltr'><em>όχλ</em></span> <span class='ocrx_word' id='word_1_65' title='bbox 547 1358 603 1400; x_wconf 92' lang='grc' dir='ltr'><em>ος</em></span> <span class='ocrx_word' id='word_1_66' title='bbox 630 1335 762 1407; x_wconf 91' lang='grc' dir='ltr'><em>γάρ,</em></span> <span class='ocrx_word' id='word_1_67' title='bbox 792 1358 864 1399; x_wconf 90' lang='grc' dir='ltr'><em>ως</em></span> <span class='ocrx_word' id='word_1_68' title='bbox 893 1333 1167 1407; x_wconf 79' lang='grc' dir='ltr'><em>ταραγμὸς</em></span> <span class='ocrx_word' id='word_1_69' title='bbox 1193 1340 1455 1405; x_wconf 82' lang='grc' dir='ltr'><em>εἰσῆλθεν</em></span> <span class='ocrx_word' id='word_1_70' title='bbox 1479 1335 1660 1406; x_wconf 87' lang='grc' dir='ltr'><em>πόλιν,</em></span> 
     </span>
     <span class='ocr_line' id='line_1_16' title="bbox 447 1418 1724 1493; baseline -0.001 -17"><span class='ocrx_word' id='word_1_71' title='bbox 447 1433 618 1492; x_wconf 82' lang='grc' dir='ltr'><em>χωρεῖ</em></span> <span class='ocrx_word' id='word_1_72' title='bbox 637 1426 921 1492; x_wconf 80' lang='grc' dir='ltr'><em>γυναικῶν</em></span> <span class='ocrx_word' id='word_1_73' title='bbox 950 1418 1085 1493; x_wconf 82' lang='grc' dir='ltr'><em>πρὸς</em></span> <span class='ocrx_word' id='word_1_74' title='bbox 1112 1419 1315 1491; x_wconf 80' lang='grc' dir='ltr'><em>δόμους</em></span> <span class='ocrx_word' id='word_1_75' title='bbox 1340 1419 1724 1492; x_wconf 79' lang='grc' dir='ltr'><em>τυραννικούς.</em></span> 
     </span>
     <span class='ocr_line' id='line_1_17' title="bbox 449 1504 1471 1578; baseline -0.007 -17"><span class='ocrx_word' id='word_1_76' title='bbox 449 1505 760 1578; x_wconf 79' lang='grc' dir='ltr'><em>φιλόψογον</em></span> <span class='ocrx_word' id='word_1_77' title='bbox 790 1504 848 1557; x_wconf 79' lang='grc' dir='ltr'><em>δὲ</em></span> <span class='ocrx_word' id='word_1_78' title='bbox 868 1510 1047 1574; x_wconf 77' lang='grc' dir='ltr'><em>χρῆμα</em></span> <span class='ocrx_word' id='word_1_79' title='bbox 1066 1508 1314 1572; x_wconf 74' lang='grc' dir='ltr'><em>θηλειῶν</em></span> <span class='ocrx_word' id='word_1_80' title='bbox 1333 1506 1471 1572; x_wconf 79' lang='grc' dir='ltr'><em>ἔφυ,</em></span> 
     </span>
     <span class='ocr_line' id='line_1_18' title="bbox 449 1586 1726 1664; baseline -0.002 -17"><span class='ocrx_word' id='word_1_81' title='bbox 449 1590 678 1664; x_wconf 79' lang='grc' dir='ltr'><em>σμικράς</em></span> <span class='ocrx_word' id='word_1_82' title='bbox 705 1587 754 1646; x_wconf 84' lang='grc' dir='ltr'><em>τ’</em></span> <span class='ocrx_word' id='word_1_83' title='bbox 784 1587 1038 1662; x_wconf 73' lang='grc' dir='ltr'><em>ἀφορμὰς</em></span> <span class='ocrx_word' id='word_1_84' title='bbox 1064 1586 1132 1660; x_wconf 79' lang='grc' dir='ltr'><em>ἦν</em></span> <span class='ocrx_word' id='word_1_85' title='bbox 1156 1589 1366 1661; x_wconf 86' lang='grc' dir='ltr'><em>λάβωσι</em></span> <span class='ocrx_word' id='word_1_86' title='bbox 1393 1596 1503 1645; x_wconf 78' lang='grc' dir='ltr'><em>τῶν</em></span> <span class='ocrx_word' id='word_1_87' title='bbox 1527 1589 1726 1660; x_wconf 90' lang='grc' dir='ltr'><em>λόγων,</em></span> 
     </span>
     <span class='ocr_line' id='line_1_19' title="bbox 447 1672 1921 1746; baseline -0.003 -14"><span class='ocrx_word' id='word_1_88' title='bbox 447 1683 672 1741; x_wconf 87' lang='grc' dir='ltr'><em>πλείους</em></span> <span class='ocrx_word' id='word_1_89' title='bbox 698 1677 1125 1746; x_wconf 83' lang='grc' dir='ltr'><em>ἐπεισφέρουσιν</em></span> <span class='ocrx_word' id='word_1_90' title='bbox 1142 1693 1152 1703; x_wconf 87' lang='grc'><em>·</em></span> <span class='ocrx_word' id='word_1_91' title='bbox 1182 1672 1355 1746; x_wconf 81' lang='grc' dir='ltr'><em>ἡδονὴ</em></span> <span class='ocrx_word' id='word_1_92' title='bbox 1382 1677 1448 1730; x_wconf 83' lang='grc' dir='ltr'><em>δέ</em></span> <span class='ocrx_word' id='word_1_93' title='bbox 1468 1698 1547 1740; x_wconf 89' lang='grc' dir='ltr'><em>τις</em></span> <span class='ocrx_word' id='word_1_94' title='bbox 1838 1687 1921 1729; x_wconf 79' lang='grc'><em>200</em></span> 
     </span>
     <span class='ocr_line' id='line_1_20' title="bbox 447 1757 1548 1834; baseline -0.005 -17"><span class='ocrx_word' id='word_1_95' title='bbox 447 1763 666 1834; x_wconf 81' lang='grc' dir='ltr'><em>γυναιξὶ</em></span> <span class='ocrx_word' id='word_1_96' title='bbox 690 1761 864 1833; x_wconf 73' lang='grc' dir='ltr'><em>μηδὲν</em></span> <span class='ocrx_word' id='word_1_97' title='bbox 890 1757 1041 1832; x_wconf 73' lang='grc' dir='ltr'><em>ὑγιὲς</em></span> <span class='ocrx_word' id='word_1_98' title='bbox 1068 1757 1325 1830; x_wconf 73' lang='grc' dir='ltr'><em>ἀλλήλαις</em></span> <span class='ocrx_word' id='word_1_99' title='bbox 1351 1758 1548 1829; x_wconf 88' lang='grc' dir='ltr'><em>λε’γειν.</em></span> 
     </span>
     <span class='ocr_line' id='line_1_21' title="bbox 257 1843 1805 1918; baseline -0.004 -14"><span class='ocrx_word' id='word_1_100' title='bbox 257 1854 370 1904; x_wconf 87' lang='grc' dir='ltr'><em>ΧΟ.</em></span> <span class='ocrx_word' id='word_1_101' title='bbox 449 1847 657 1918; x_wconf 82' lang='grc' dir='ltr'><em>Τύριον</em></span> <span class='ocrx_word' id='word_1_102' title='bbox 681 1846 843 1917; x_wconf 84' lang='grc' dir='ltr'><em>οἶδμα</em></span> <span class='ocrx_word' id='word_1_103' title='bbox 873 1843 1094 1901; x_wconf 81' lang='grc' dir='ltr'><em>λιποῦσ’</em></span> <span class='ocrx_word' id='word_1_104' title='bbox 1131 1851 1264 1916; x_wconf 81' lang='grc' dir='ltr'><em>ἔβαν</em></span> <span class='ocrx_word' id='word_1_105' title='bbox 1692 1863 1805 1917; x_wconf 77' lang='grc' dir='ltr'><em>στρ.</em></span> 
     </span>
     <span class='ocr_line' id='line_1_22' title="bbox 450 1929 944 2006; baseline 0 -20"><span class='ocrx_word' id='word_1_106' title='bbox 450 1929 749 2003; x_wconf 75' lang='grc' dir='ltr'><em>ἀκροθίνια</em></span> <span class='ocrx_word' id='word_1_107' title='bbox 773 1934 944 2006; x_wconf 78' lang='grc' dir='ltr'><em>Λοξίᾳ</em></span> 
     </span>
     <span class='ocr_line' id='line_1_23' title="bbox 448 2013 1078 2082; baseline -0.002 -10"><span class='ocrx_word' id='word_1_108' title='bbox 448 2023 744 2082; x_wconf 87' lang='grc' dir='ltr'><em>Φοινίσσας</em></span> <span class='ocrx_word' id='word_1_109' title='bbox 771 2013 877 2072; x_wconf 79' lang='grc' dir='ltr'><em>ἀπὸ</em></span> <span class='ocrx_word' id='word_1_110' title='bbox 904 2015 1078 2071; x_wconf 88' lang='grc' dir='ltr'><em>νάσου</em></span> 
     </span>
     <span class='ocr_line' id='line_1_24' title="bbox 449 2101 1921 2176; baseline -0.001 -19"><span class='ocrx_word' id='word_1_111' title='bbox 449 2107 637 2176; x_wconf 76' lang='grc' dir='ltr'><em>Φοίβῳ</em></span> <span class='ocrx_word' id='word_1_112' title='bbox 664 2101 836 2156; x_wconf 83' lang='grc' dir='ltr'><em>δούλα</em></span> <span class='ocrx_word' id='word_1_113' title='bbox 861 2101 1176 2171; x_wconf 76' lang='grc' dir='ltr'><em>μελάθρων,</em></span> <span class='ocrx_word' id='word_1_114' title='bbox 1838 2113 1921 2156; x_wconf 79' lang='grc'><em>205</em></span> 
     </span>
     <span class='ocr_line' id='line_1_25' title="bbox 447 2183 1261 2257; baseline -0.002 -15"><span class='ocrx_word' id='word_1_115' title='bbox 447 2184 523 2242; x_wconf 81' lang='grc' dir='ltr'><em>ἵν’</em></span> <span class='ocrx_word' id='word_1_116' title='bbox 557 2183 666 2242; x_wconf 78' lang='grc' dir='ltr'><em>ὑπὸ</em></span> <span class='ocrx_word' id='word_1_117' title='bbox 697 2185 911 2257; x_wconf 85' lang='grc' dir='ltr'><em>δειράσι</em></span> <span class='ocrx_word' id='word_1_118' title='bbox 939 2186 1261 2256; x_wconf 82' lang='grc' dir='ltr'><em>νιφοβόλοις</em></span> 
     </span>
     <span class='ocr_line' id='line_1_26' title="bbox 447 2269 1145 2341; baseline -0.003 -14"><span class='ocrx_word' id='word_1_119' title='bbox 447 2277 753 2341; x_wconf 83' lang='grc' dir='ltr'><em>Παρνασοῦ</em></span> <span class='ocrx_word' id='word_1_120' title='bbox 777 2269 1145 2340; x_wconf 86' lang='grc' dir='ltr'><em>κατενάσθην,</em></span> 
     </span>
     <span class='ocr_line' id='line_1_27' title="bbox 444 2353 1187 2413; baseline -0.005 0"><span class='ocrx_word' id='word_1_121' title='bbox 444 2353 637 2413; x_wconf 88' lang='grc' dir='ltr'><em>Ἰόνιον</em></span> <span class='ocrx_word' id='word_1_122' title='bbox 666 2353 803 2412; x_wconf 77' lang='grc' dir='ltr'><em>κατὰ</em></span> <span class='ocrx_word' id='word_1_123' title='bbox 828 2355 1032 2412; x_wconf 87' lang='grc' dir='ltr'><em>πόντον</em></span> <span class='ocrx_word' id='word_1_124' title='bbox 1061 2355 1187 2410; x_wconf 82' lang='grc' dir='ltr'><em>ε’λά-</em></span> 
     </span>
     <span class='ocr_line' id='line_1_28' title="bbox 449 2439 1197 2515; baseline -0.001 -19"><span class='ocrx_word' id='word_1_125' title='bbox 449 2465 516 2515; x_wconf 76' lang='grc' dir='ltr'><em>τᾳ</em></span> <span class='ocrx_word' id='word_1_126' title='bbox 541 2441 823 2498; x_wconf 83' lang='grc' dir='ltr'><em>πλεύσασα</em></span> <span class='ocrx_word' id='word_1_127' title='bbox 847 2439 1197 2513; x_wconf 88' lang='grc' dir='ltr'><em>περιρρύτων</em></span> 
     </span>
     <span class='ocr_line' id='line_1_29' title="bbox 449 2523 1924 2597; baseline -0.002 -15"><span class='ocrx_word' id='word_1_128' title='bbox 449 2523 590 2597; x_wconf 75' lang='grc' dir='ltr'><em>ὑπὲρ</em></span> <span class='ocrx_word' id='word_1_129' title='bbox 622 2524 975 2596; x_wconf 80' lang='grc' dir='ltr'><em>ἀκαρπίστων</em></span> <span class='ocrx_word' id='word_1_130' title='bbox 1000 2530 1209 2581; x_wconf 88' lang='grc' dir='ltr'><em>πεδίων</em></span> <span class='ocrx_word' id='word_1_131' title='bbox 1838 2535 1924 2581; x_wconf 70' lang='lat'><em>210</em></span> 
     </span>
     <span class='ocr_line' id='line_1_30' title="bbox 449 2611 1218 2683; baseline -0.001 -17"><span class='ocrx_word' id='word_1_132' title='bbox 449 2617 709 2676; x_wconf 81' lang='grc' dir='ltr'><em>Σικελίας</em></span> <span class='ocrx_word' id='word_1_133' title='bbox 737 2611 1000 2683; x_wconf 88' lang='grc' dir='ltr'><em>Ζεφύρου</em></span> <span class='ocrx_word' id='word_1_134' title='bbox 1025 2623 1218 2675; x_wconf 81' lang='grc' dir='ltr'><em>πνοαῖς</em></span> 
     </span>
     <span class='ocr_line' id='line_1_31' title="bbox 453 2693 1158 2771; baseline 0.001 -20"><span class='ocrx_word' id='word_1_135' title='bbox 453 2696 819 2761; x_wconf 75' lang='grc' dir='ltr'><em>ἱππεύσαντος</em></span> <span class='ocrx_word' id='word_1_136' title='bbox 843 2699 903 2752; x_wconf 86' lang='grc' dir='ltr'><em>ἐν</em></span> <span class='ocrx_word' id='word_1_137' title='bbox 935 2693 1158 2771; x_wconf 76' lang='grc' dir='ltr'><em>οὐρανῷ</em></span> 
     </span>
     <span class='ocr_line' id='line_1_32' title="bbox 449 2780 1064 2852; baseline -0.003 -15"><span class='ocrx_word' id='word_1_138' title='bbox 449 2780 742 2838; x_wconf 80' lang='grc' dir='ltr'><em>κάλλιστον</em></span> <span class='ocrx_word' id='word_1_139' title='bbox 767 2780 1064 2852; x_wconf 84' lang='grc' dir='ltr'><em>κελάδημα.</em></span> 
     </span>
     <span class='ocr_line' id='line_1_33' title="bbox 776 2881 1406 2925; baseline -0.003 0"><span class='ocrx_word' id='word_1_140' title='bbox 776 2882 1035 2925; x_wconf 75' lang='grc'><strong>202-213</strong></span> <span class='ocrx_word' id='word_1_141' title='bbox 1054 2898 1124 2920; x_wconf 80' lang='lat'>=</span> <span class='ocrx_word' id='word_1_142' title='bbox 1144 2883 1228 2924; x_wconf 79' lang='lat'><em>214</em></span> <span class='ocrx_word' id='word_1_143' title='bbox 1249 2904 1301 2911; x_wconf 91' lang='lat'>—</span> <span class='ocrx_word' id='word_1_144' title='bbox 1321 2881 1406 2924; x_wconf 63' lang='lat'><em>2³25</em></span> 
     </span>
    </p>
   </div>
  </div>
 </body>
</html>
