<?xml version="1.0" encoding="UTF-8"?>
<!DOCTYPE html PUBLIC "-//W3C//DTD XHTML 1.0 Transitional//EN"
    "http://www.w3.org/TR/xhtml1/DTD/xhtml1-transitional.dtd">
<html xmlns="http://www.w3.org/1999/xhtml" xml:lang="en" lang="en">
 <head>
  <title>
</title>
<meta http-equiv="Content-Type" content="text/html;charset=utf-8" />
  <meta name='ocr-system' content='tesseract 3.04.00' />
  <meta name='ocr-capabilities' content='ocr_page ocr_carea ocr_par ocr_line ocrx_word'/>
</head>
<body>
  <div class='ocr_page' id='page_1' title='image "./euripidistragoe02euriuoft_0458.png"; bbox 0 0 2018 3117; ppageno 0'>
   <div class='ocr_carea' id='block_1_1' title="bbox 232 40 337 93">
    <p class='ocr_par' dir='ltr' id='par_1_1' title="bbox 232 40 337 93">
     <span class='ocr_line' id='line_1_1' title="bbox 232 40 337 93; baseline -0.029 0"><span class='ocrx_word' id='word_1_1' title='bbox 232 40 337 93; x_wconf 74' lang='lat'><em>408</em></span> 
     </span>
    </p>
   </div>
   <div class='ocr_carea' id='block_1_2' title="bbox 880 38 1255 85">
    <p class='ocr_par' dir='ltr' id='par_1_2' title="bbox 880 38 1255 85">
     <span class='ocr_line' id='line_1_2' title="bbox 880 38 1255 85; baseline -0.005 -1"><span class='ocrx_word' id='word_1_2' title='bbox 880 38 1255 85; x_wconf 86' lang='grc' dir='ltr'><em>ΦΟΙΝΙΣΣΑΙ</em></span> 
     </span>
    </p>
   </div>
   <div class='ocr_carea' id='block_1_3' title="bbox 426 177 1575 2890">
    <p class='ocr_par' dir='ltr' id='par_1_3' title="bbox 427 177 1292 255">
     <span class='ocr_line' id='line_1_3' title="bbox 427 177 1292 255; baseline -0.008 -18"><span class='ocrx_word' id='word_1_3' title='bbox 427 180 679 255; x_wconf 75' lang='grc' dir='ltr'><em>στρύχων</em></span> <span class='ocrx_word' id='word_1_4' title='bbox 705 200 762 233; x_wconf 87' lang='grc' dir='ltr'><em>τε</em></span> <span class='ocrx_word' id='word_1_5' title='bbox 786 177 1145 248; x_wconf 80' lang='grc' dir='ltr'><em>κυανόχρωτα</em></span> <span class='ocrx_word' id='word_1_6' title='bbox 1169 183 1292 246; x_wconf 87' lang='grc' dir='ltr'><em>χαί-</em></span> 
     </span>
    </p>

    <p class='ocr_par' dir='ltr' id='par_1_4' title="bbox 428 261 1515 420">
     <span class='ocr_line' id='line_1_4' title="bbox 428 261 1515 334; baseline -0.001 -13"><span class='ocrx_word' id='word_1_7' title='bbox 428 289 522 330; x_wconf 90' lang='grc' dir='ltr'><em>τας</em></span> <span class='ocrx_word' id='word_1_8' title='bbox 549 262 866 334; x_wconf 74' lang='grc' dir='ltr'><em>πλόκαμον,</em></span> <span class='ocrx_word' id='word_1_9' title='bbox 894 261 1131 328; x_wconf 80' lang='grc' dir='ltr'><em>σκιάζων</em></span> <span class='ocrx_word' id='word_1_10' title='bbox 1158 263 1327 333; x_wconf 88' lang='grc' dir='ltr'><em>δέραν</em></span> <span class='ocrx_word' id='word_1_11' title='bbox 1356 262 1515 334; x_wconf 72' lang='grc' dir='ltr'><em>ἁμάν.</em></span> 
     </span>
     <span class='ocr_line' id='line_1_5' title="bbox 431 348 1024 420; baseline -0.008 -14"><span class='ocrx_word' id='word_1_12' title='bbox 431 349 493 407; x_wconf 65' lang='lat' dir='ltr'><em>ec&amp;</em></span> <span class='ocrx_word' id='word_1_13' title='bbox 526 348 619 420; x_wconf 72' lang='lat' dir='ltr'><em>ico&#39;,</em></span> <span class='ocrx_word' id='word_1_14' title='bbox 644 354 801 420; x_wconf 87' lang='grc' dir='ltr'><em>μόλις</em></span> <span class='ocrx_word' id='word_1_15' title='bbox 828 348 1024 418; x_wconf 85' lang='grc' dir='ltr'><em>φανεὶς</em></span> 
     </span>
    </p>

    <p class='ocr_par' dir='ltr' id='par_1_5' title="bbox 426 427 1433 591">
     <span class='ocr_line' id='line_1_6' title="bbox 426 427 1433 503; baseline -0.006 -12"><span class='ocrx_word' id='word_1_16' title='bbox 426 430 632 491; x_wconf 70' lang='grc' dir='ltr'><em>ἄελπτα</em></span> <span class='ocrx_word' id='word_1_17' title='bbox 656 429 933 503; x_wconf 76' lang='grc' dir='ltr'><em>κάδόκητα</em></span> <span class='ocrx_word' id='word_1_18' title='bbox 958 429 1161 503; x_wconf 83' lang='grc' dir='ltr'><em>ματρὸς</em></span> <span class='ocrx_word' id='word_1_19' title='bbox 1190 427 1433 496; x_wconf 73' lang='grc' dir='ltr'><em>ὠλέναις.</em></span> 
     </span>
     <span class='ocr_line' id='line_1_7' title="bbox 429 512 1096 591; baseline -0.007 -16"><span class='ocrx_word' id='word_1_20' title='bbox 429 525 488 575; x_wconf 92' lang='grc' dir='ltr'><em>τί</em></span> <span class='ocrx_word' id='word_1_21' title='bbox 507 525 596 591; x_wconf 77' lang='grc' dir='ltr'><em>φῶ</em></span> <span class='ocrx_word' id='word_1_22' title='bbox 625 536 717 585; x_wconf 86' lang='grc' dir='ltr'><em>σε;</em></span> <span class='ocrx_word' id='word_1_23' title='bbox 742 522 857 582; x_wconf 73' lang='grc' dir='ltr'><em>πῶς</em></span> <span class='ocrx_word' id='word_1_24' title='bbox 881 512 1096 572; x_wconf 75' lang='grc' dir='ltr'><em>ἅπαντα</em></span> 
     </span>
    </p>

    <p class='ocr_par' dir='ltr' id='par_1_6' title="bbox 428 600 1051 675">
     <span class='ocr_line' id='line_1_8' title="bbox 428 600 1051 675; baseline -0.008 -14"><span class='ocrx_word' id='word_1_25' title='bbox 428 606 522 661; x_wconf 87' lang='grc' dir='ltr'><em>καὶ</em></span> <span class='ocrx_word' id='word_1_26' title='bbox 545 604 699 675; x_wconf 86' lang='grc' dir='ltr'><em>χερσὶ</em></span> <span class='ocrx_word' id='word_1_27' title='bbox 723 603 815 657; x_wconf 85' lang='grc' dir='ltr'><em>καὶ</em></span> <span class='ocrx_word' id='word_1_28' title='bbox 840 600 1051 673; x_wconf 88' lang='grc' dir='ltr'><em>λόγοισι</em></span> 
     </span>
    </p>

    <p class='ocr_par' dir='ltr' id='par_1_7' title="bbox 428 684 1030 745">
     <span class='ocr_line' id='line_1_9' title="bbox 428 684 1030 745; baseline -0.007 0"><span class='ocrx_word' id='word_1_29' title='bbox 428 690 792 745; x_wconf 71' lang='grc' dir='ltr'><em>πολυέλικτον</em></span> <span class='ocrx_word' id='word_1_30' title='bbox 819 684 1030 742; x_wconf 76' lang='grc' dir='ltr'><em>ἁδονὰν</em></span> 
     </span>
    </p>

    <p class='ocr_par' dir='ltr' id='par_1_8' title="bbox 428 770 1526 1017">
     <span class='ocr_line' id='line_1_10' title="bbox 429 770 1001 844; baseline -0.007 -14"><span class='ocrx_word' id='word_1_31' title='bbox 429 777 605 830; x_wconf 80' lang='grc' dir='ltr'><em>ἐκεῖσε</em></span> <span class='ocrx_word' id='word_1_32' title='bbox 628 774 722 829; x_wconf 86' lang='grc' dir='ltr'><em>καὶ</em></span> <span class='ocrx_word' id='word_1_33' title='bbox 746 770 805 828; x_wconf 87' lang='grc' dir='ltr'><em>τὸ</em></span> <span class='ocrx_word' id='word_1_34' title='bbox 833 776 1001 844; x_wconf 84' lang='grc' dir='ltr'><em>δεῦρο</em></span> 
     </span>
     <span class='ocr_line' id='line_1_11' title="bbox 429 855 1526 931; baseline -0.004 -16"><span class='ocrx_word' id='word_1_35' title='bbox 429 858 865 931; x_wconf 83' lang='grc' dir='ltr'><em>περιχορεύουσα</em></span> <span class='ocrx_word' id='word_1_36' title='bbox 891 859 1086 929; x_wconf 83' lang='grc' dir='ltr'><em>τέρψιν</em></span> <span class='ocrx_word' id='word_1_37' title='bbox 1111 862 1350 912; x_wconf 83' lang='grc' dir='ltr'><em>παλαιᾶν</em></span> <span class='ocrx_word' id='word_1_38' title='bbox 1375 855 1526 928; x_wconf 85' lang='grc' dir='ltr'><em>λάβω</em></span> 
     </span>
     <span class='ocr_line' id='line_1_12' title="bbox 428 942 1031 1017; baseline -0.005 -17"><span class='ocrx_word' id='word_1_39' title='bbox 428 951 740 1017; x_wconf 83' lang='grc' dir='ltr'><em>χαρμονᾶν;</em></span> <span class='ocrx_word' id='word_1_40' title='bbox 771 942 833 998; x_wconf 66' lang='lat' dir='ltr'><em>[cb</em></span> <span class='ocrx_word' id='word_1_41' title='bbox 860 945 1031 1012; x_wconf 77' lang='grc' dir='ltr'><em>τέκος,</em></span> 
     </span>
    </p>

    <p class='ocr_par' dir='ltr' id='par_1_9' title="bbox 428 1026 1420 1272">
     <span class='ocr_line' id='line_1_13' title="bbox 428 1026 1315 1103; baseline -0.006 -17"><span class='ocrx_word' id='word_1_42' title='bbox 428 1035 632 1103; x_wconf 83' lang='grc' dir='ltr'><em>ἔρημον</em></span> <span class='ocrx_word' id='word_1_43' title='bbox 657 1034 913 1102; x_wconf 78' lang='grc' dir='ltr'><em>πατρῷον</em></span> <span class='ocrx_word' id='word_1_44' title='bbox 939 1033 1120 1092; x_wconf 81' lang='grc' dir='ltr'><em>ἔλιπες</em></span> <span class='ocrx_word' id='word_1_45' title='bbox 1145 1026 1315 1098; x_wconf 80' lang='grc' dir='ltr'><em>δόμον</em></span> 
     </span>
     <span class='ocr_line' id='line_1_14' title="bbox 430 1108 1420 1187; baseline -0.006 -16"><span class='ocrx_word' id='word_1_46' title='bbox 430 1113 611 1187; x_wconf 77' lang='grc' dir='ltr'><em>φυγὰς</em></span> <span class='ocrx_word' id='word_1_47' title='bbox 636 1111 960 1177; x_wconf 76' lang='grc' dir='ltr'><em>ἀποσταλεὶς</em></span> <span class='ocrx_word' id='word_1_48' title='bbox 987 1108 1223 1183; x_wconf 84' lang='grc' dir='ltr'><em>ὁμαίμου</em></span> <span class='ocrx_word' id='word_1_49' title='bbox 1250 1110 1420 1185; x_wconf 73' lang='grc' dir='ltr'><em>λώβᾳ,</em></span> 
     </span>
     <span class='ocr_line' id='line_1_15' title="bbox 430 1192 977 1272; baseline -0.007 -16"><span class='ocrx_word' id='word_1_50' title='bbox 430 1192 463 1272; x_wconf 80' lang='grc' dir='ltr'><strong><em>ἧ</em></strong></span> <span class='ocrx_word' id='word_1_51' title='bbox 490 1197 753 1264; x_wconf 80' lang='grc' dir='ltr'><em>ποθεινὸς</em></span> <span class='ocrx_word' id='word_1_52' title='bbox 779 1203 977 1268; x_wconf 77' lang='grc' dir='ltr'><em>φίλοις,</em></span> 
     </span>
    </p>

    <p class='ocr_par' dir='ltr' id='par_1_10' title="bbox 430 1278 1002 1357">
     <span class='ocr_line' id='line_1_16' title="bbox 430 1278 1002 1357; baseline -0.007 -17"><span class='ocrx_word' id='word_1_53' title='bbox 430 1278 464 1357; x_wconf 80' lang='grc' dir='ltr'><strong><em>ἦ</em></strong></span> <span class='ocrx_word' id='word_1_54' title='bbox 489 1282 754 1349; x_wconf 83' lang='grc' dir='ltr'><em>ποθεινὸς</em></span> <span class='ocrx_word' id='word_1_55' title='bbox 780 1282 1002 1354; x_wconf 79' lang='grc' dir='ltr'><em>Θήβαις.</em></span> 
     </span>
    </p>

    <p class='ocr_par' dir='ltr' id='par_1_11' title="bbox 428 1367 1437 1783">
     <span class='ocr_line' id='line_1_17' title="bbox 431 1367 1422 1441; baseline -0.003 -15"><span class='ocrx_word' id='word_1_56' title='bbox 431 1367 570 1426; x_wconf 80' lang='grc' dir='ltr'><em>ὅθεν</em></span> <span class='ocrx_word' id='word_1_57' title='bbox 595 1369 730 1441; x_wconf 83' lang='grc' dir='ltr'><em>ἐμάν</em></span> <span class='ocrx_word' id='word_1_58' title='bbox 754 1392 812 1425; x_wconf 92' lang='grc' dir='ltr'><em>τε</em></span> <span class='ocrx_word' id='word_1_59' title='bbox 837 1367 1142 1440; x_wconf 83' lang='grc' dir='ltr'><em>λευκόχροα</em></span> <span class='ocrx_word' id='word_1_60' title='bbox 1169 1372 1422 1439; x_wconf 86' lang='grc' dir='ltr'><em>κείρομαι</em></span> 
     </span>
     <span class='ocr_line' id='line_1_18' title="bbox 431 1451 1434 1528; baseline -0.004 -17"><span class='ocrx_word' id='word_1_61' title='bbox 431 1451 761 1528; x_wconf 83' lang='grc' dir='ltr'><em>δακρυόεσσ’</em></span> <span class='ocrx_word' id='word_1_62' title='bbox 796 1451 986 1509; x_wconf 74' lang='grc' dir='ltr'><em>ἀνεῖσα</em></span> <span class='ocrx_word' id='word_1_63' title='bbox 1017 1454 1215 1508; x_wconf 80' lang='grc' dir='ltr'><em>πένθει</em></span> <span class='ocrx_word' id='word_1_64' title='bbox 1240 1452 1434 1524; x_wconf 80' lang='grc' dir='ltr'><em>κόμαν,</em></span> 
     </span>
     <span class='ocr_line' id='line_1_19' title="bbox 432 1538 1437 1613; baseline -0.004 -17"><span class='ocrx_word' id='word_1_65' title='bbox 432 1538 670 1606; x_wconf 72' lang='grc' dir='ltr'><em>ἄπεπλος</em></span> <span class='ocrx_word' id='word_1_66' title='bbox 701 1541 928 1612; x_wconf 82' lang='grc' dir='ltr'><em>φαρέων</em></span> <span class='ocrx_word' id='word_1_67' title='bbox 951 1543 1197 1609; x_wconf 78' lang='grc' dir='ltr'><em>λευκῶν,</em></span> <span class='ocrx_word' id='word_1_68' title='bbox 1225 1539 1437 1613; x_wconf 76' lang='grc' dir='ltr'><em>τέκνον,</em></span> 
     </span>
     <span class='ocr_line' id='line_1_20' title="bbox 431 1622 1393 1697; baseline -0.005 -15"><span class='ocrx_word' id='word_1_69' title='bbox 431 1625 784 1697; x_wconf 83' lang='grc' dir='ltr'><em>δυσόρφναια</em></span> <span class='ocrx_word' id='word_1_70' title='bbox 811 1622 865 1680; x_wconf 88' lang='grc' dir='ltr'><em>δ’</em></span> <span class='ocrx_word' id='word_1_71' title='bbox 898 1622 1040 1696; x_wconf 74' lang='grc' dir='ltr'><em>ἀμφὶ</em></span> <span class='ocrx_word' id='word_1_72' title='bbox 1068 1622 1239 1695; x_wconf 85' lang='grc' dir='ltr'><em>τρύχη</em></span> <span class='ocrx_word' id='word_1_73' title='bbox 1264 1622 1393 1678; x_wconf 83' lang='grc' dir='ltr'><em>τάδε</em></span> 
     </span>
     <span class='ocr_line' id='line_1_21' title="bbox 428 1708 941 1783; baseline -0.006 -15"><span class='ocrx_word' id='word_1_74' title='bbox 428 1708 598 1768; x_wconf 84' lang='grc' dir='ltr'><em>σκότι’</em></span> <span class='ocrx_word' id='word_1_75' title='bbox 631 1708 941 1783; x_wconf 76' lang='grc' dir='ltr'><em>ἀμείβομαι.</em></span> 
     </span>
    </p>

    <p class='ocr_par' dir='ltr' id='par_1_12' title="bbox 431 1791 1575 2038">
     <span class='ocr_line' id='line_1_22' title="bbox 431 1791 1575 1868; baseline -0.004 -15"><span class='ocrx_word' id='word_1_76' title='bbox 431 1793 458 1853; x_wconf 85' lang='grc' dir='ltr'>ὁ</span> <span class='ocrx_word' id='word_1_77' title='bbox 491 1793 542 1852; x_wconf 86' lang='grc' dir='ltr'><em>δ’</em></span> <span class='ocrx_word' id='word_1_78' title='bbox 572 1799 631 1852; x_wconf 83' lang='grc' dir='ltr'><em>ἐν</em></span> <span class='ocrx_word' id='word_1_79' title='bbox 655 1795 873 1867; x_wconf 88' lang='grc' dir='ltr'><em>δόμοισι</em></span> <span class='ocrx_word' id='word_1_80' title='bbox 902 1796 1144 1868; x_wconf 86' lang='grc' dir='ltr'><em>πρέσβυς</em></span> <span class='ocrx_word' id='word_1_81' title='bbox 1170 1791 1575 1866; x_wconf 80' lang='grc' dir='ltr'><em>ὀμματοστερὴς</em></span> 
     </span>
     <span class='ocr_line' id='line_1_23' title="bbox 431 1876 1263 1953; baseline -0.004 -16"><span class='ocrx_word' id='word_1_82' title='bbox 431 1879 642 1953; x_wconf 82' lang='grc' dir='ltr'><em>ἀπήνας</em></span> <span class='ocrx_word' id='word_1_83' title='bbox 667 1879 978 1953; x_wconf 87' lang='grc' dir='ltr'><em>ὁμοπτέρου</em></span> <span class='ocrx_word' id='word_1_84' title='bbox 1004 1886 1098 1945; x_wconf 87' lang='grc' dir='ltr'><em>τᾶς</em></span> <span class='ocrx_word' id='word_1_85' title='bbox 1125 1876 1263 1935; x_wconf 79' lang='grc' dir='ltr'><em>ἄπο-</em></span> 
     </span>
     <span class='ocr_line' id='line_1_24' title="bbox 431 1966 898 2038; baseline -0.002 -16"><span class='ocrx_word' id='word_1_86' title='bbox 431 1973 680 2037; x_wconf 82' lang='grc' dir='ltr'><em>ζυγείσας</em></span> <span class='ocrx_word' id='word_1_87' title='bbox 711 1966 898 2038; x_wconf 91' lang='grc' dir='ltr'><em>δόμων</em></span> 
     </span>
    </p>

    <p class='ocr_par' dir='ltr' id='par_1_13' title="bbox 430 2048 1450 2209">
     <span class='ocr_line' id='line_1_25' title="bbox 430 2048 1450 2123; baseline -0.002 -16"><span class='ocrx_word' id='word_1_88' title='bbox 430 2051 614 2107; x_wconf 80' lang='grc' dir='ltr'><em>πόθον</em></span> <span class='ocrx_word' id='word_1_89' title='bbox 640 2049 1062 2123; x_wconf 77' lang='grc' dir='ltr'><em>ἀμφιδάκρυτον</em></span> <span class='ocrx_word' id='word_1_90' title='bbox 1093 2048 1178 2106; x_wconf 78' lang='grc' dir='ltr'><em>ἀεὶ</em></span> <span class='ocrx_word' id='word_1_91' title='bbox 1208 2051 1450 2120; x_wconf 88' lang='grc' dir='ltr'><em>κατέχων</em></span> 
     </span>
     <span class='ocr_line' id='line_1_26' title="bbox 431 2135 940 2209; baseline -0.002 -17"><span class='ocrx_word' id='word_1_92' title='bbox 431 2135 595 2209; x_wconf 78' lang='grc' dir='ltr'><em>ἀνῇξε</em></span> <span class='ocrx_word' id='word_1_93' title='bbox 622 2137 722 2208; x_wconf 71' lang='grc' dir='ltr'><em>μὲν</em></span> <span class='ocrx_word' id='word_1_94' title='bbox 747 2140 940 2207; x_wconf 80' lang='grc' dir='ltr'><em>ξίφους</em></span> 
     </span>
    </p>

    <p class='ocr_par' dir='ltr' id='par_1_14' title="bbox 433 2218 1182 2294">
     <span class='ocr_line' id='line_1_27' title="bbox 433 2218 1182 2294; baseline -0.005 -16"><span class='ocrx_word' id='word_1_95' title='bbox 433 2219 517 2278; x_wconf 81' lang='grc' dir='ltr'><em>ἐπ’</em></span> <span class='ocrx_word' id='word_1_96' title='bbox 548 2218 840 2294; x_wconf 79' lang='grc' dir='ltr'><em>αὐτόχειρά</em></span> <span class='ocrx_word' id='word_1_97' title='bbox 864 2244 921 2276; x_wconf 93' lang='grc' dir='ltr'><em>τε</em></span> <span class='ocrx_word' id='word_1_98' title='bbox 944 2219 1182 2291; x_wconf 79' lang='grc' dir='ltr'><em>σφαγάν,</em></span> 
     </span>
    </p>

    <p class='ocr_par' dir='ltr' id='par_1_15' title="bbox 431 2302 1191 2461">
     <span class='ocr_line' id='line_1_28' title="bbox 434 2302 1191 2379; baseline -0.005 -16"><span class='ocrx_word' id='word_1_99' title='bbox 434 2304 574 2379; x_wconf 72' lang='grc' dir='ltr'><em>ὑπὲρ</em></span> <span class='ocrx_word' id='word_1_100' title='bbox 599 2308 836 2379; x_wconf 88' lang='grc' dir='ltr'><em>τέραμνά</em></span> <span class='ocrx_word' id='word_1_101' title='bbox 861 2303 907 2362; x_wconf 77' lang='grc' dir='ltr'><em>τ’</em></span> <span class='ocrx_word' id='word_1_102' title='bbox 940 2302 1191 2377; x_wconf 76' lang='grc' dir='ltr'><em>ἀγχόνας,</em></span> 
     </span>
     <span class='ocr_line' id='line_1_29' title="bbox 431 2390 1122 2461; baseline -0.004 -13"><span class='ocrx_word' id='word_1_103' title='bbox 431 2392 703 2461; x_wconf 78' lang='grc' dir='ltr'><em>στενάζων</em></span> <span class='ocrx_word' id='word_1_104' title='bbox 729 2390 862 2461; x_wconf 77' lang='grc' dir='ltr'><em>ἄρας</em></span> <span class='ocrx_word' id='word_1_105' title='bbox 886 2393 1095 2455; x_wconf 90' lang='grc' dir='ltr'><em>τέκνοις</em></span> <span class='ocrx_word' id='word_1_106' title='bbox 1111 2409 1122 2419; x_wconf 86' lang='grc'><em>·</em></span> 
     </span>
    </p>

    <p class='ocr_par' dir='ltr' id='par_1_16' title="bbox 433 2474 1402 2635">
     <span class='ocr_line' id='line_1_30' title="bbox 434 2474 1402 2548; baseline -0.002 -15"><span class='ocrx_word' id='word_1_107' title='bbox 434 2476 541 2533; x_wconf 83' lang='grc' dir='ltr'><em>σὺν</em></span> <span class='ocrx_word' id='word_1_108' title='bbox 571 2475 824 2533; x_wconf 77' lang='grc' dir='ltr'><em>ἀλαλαῖσι</em></span> <span class='ocrx_word' id='word_1_109' title='bbox 855 2475 908 2533; x_wconf 84' lang='grc' dir='ltr'><em>δ’</em></span> <span class='ocrx_word' id='word_1_110' title='bbox 939 2476 1058 2532; x_wconf 76' lang='grc' dir='ltr'><em>αἰὲν</em></span> <span class='ocrx_word' id='word_1_111' title='bbox 1085 2474 1402 2548; x_wconf 71' lang='grc' dir='ltr'><em>αἰαγμάτων</em></span> 
     </span>
     <span class='ocr_line' id='line_1_31' title="bbox 433 2561 964 2635; baseline -0.002 -17"><span class='ocrx_word' id='word_1_112' title='bbox 433 2561 622 2619; x_wconf 90' lang='grc' dir='ltr'><em>σκότια</em></span> <span class='ocrx_word' id='word_1_113' title='bbox 648 2562 964 2635; x_wconf 83' lang='grc' dir='ltr'><em>κρύπτεται.</em></span> 
     </span>
    </p>

    <p class='ocr_par' dir='ltr' id='par_1_17' title="bbox 432 2644 1435 2890">
     <span class='ocr_line' id='line_1_32' title="bbox 435 2644 1378 2719; baseline -0.002 -16"><span class='ocrx_word' id='word_1_114' title='bbox 435 2648 496 2704; x_wconf 76' lang='grc' dir='ltr'><em>σὲ</em></span> <span class='ocrx_word' id='word_1_115' title='bbox 520 2646 593 2718; x_wconf 78' lang='grc' dir='ltr'><em>δ’,</em></span> <span class='ocrx_word' id='word_1_116' title='bbox 624 2644 667 2707; x_wconf 69' lang='grc' dir='ltr'><em>ὦ</em></span> <span class='ocrx_word' id='word_1_117' title='bbox 694 2650 919 2719; x_wconf 79' lang='grc' dir='ltr'><em>τέκνον,</em></span> <span class='ocrx_word' id='word_1_118' title='bbox 944 2648 1038 2703; x_wconf 85' lang='grc' dir='ltr'><em>καὶ</em></span> <span class='ocrx_word' id='word_1_119' title='bbox 1062 2647 1283 2718; x_wconf 77' lang='grc' dir='ltr'><em>γάμοισι</em></span> <span class='ocrx_word' id='word_1_120' title='bbox 1311 2645 1378 2717; x_wconf 85' lang='grc' dir='ltr'><em>δὴ</em></span> 
     </span>
     <span class='ocr_line' id='line_1_33' title="bbox 434 2728 1435 2805; baseline -0.002 -16"><span class='ocrx_word' id='word_1_121' title='bbox 434 2733 585 2789; x_wconf 89' lang='grc' dir='ltr'><em>κλύω</em></span> <span class='ocrx_word' id='word_1_122' title='bbox 614 2735 844 2805; x_wconf 80' lang='grc' dir='ltr'><em>ζυγέντα</em></span> <span class='ocrx_word' id='word_1_123' title='bbox 870 2730 1201 2788; x_wconf 83' lang='grc' dir='ltr'><em>παιδοποιὸν</em></span> <span class='ocrx_word' id='word_1_124' title='bbox 1226 2728 1435 2787; x_wconf 80' lang='grc' dir='ltr'><em>ἁδονὰν</em></span> 
     </span>
     <span class='ocr_line' id='line_1_34' title="bbox 432 2817 1143 2890; baseline -0.004 -15"><span class='ocrx_word' id='word_1_125' title='bbox 432 2822 670 2885; x_wconf 83' lang='grc' dir='ltr'><em>ξένοισιν</em></span> <span class='ocrx_word' id='word_1_126' title='bbox 699 2822 758 2875; x_wconf 85' lang='grc' dir='ltr'><em>ἐν</em></span> <span class='ocrx_word' id='word_1_127' title='bbox 785 2817 974 2890; x_wconf 89' lang='grc' dir='ltr'><em>δόμοις</em></span> <span class='ocrx_word' id='word_1_128' title='bbox 1000 2823 1143 2888; x_wconf 82' lang='grc' dir='ltr'><em>ἔχειν</em></span> 
     </span>
    </p>
   </div>
   <div class='ocr_carea' id='block_1_4' title="bbox 1817 357 1903 402">
    <p class='ocr_par' dir='ltr' id='par_1_18' title="bbox 1817 357 1903 402">
     <span class='ocr_line' id='line_1_35' title="bbox 1817 357 1903 402; baseline -0.023 0"><span class='ocrx_word' id='word_1_129' title='bbox 1817 357 1903 402; x_wconf 81' lang='lat'><em>310</em></span> 
     </span>
    </p>
   </div>
   <div class='ocr_carea' id='block_1_5' title="bbox 1821 783 1903 827">
    <p class='ocr_par' dir='ltr' id='par_1_19' title="bbox 1821 783 1903 827">
     <span class='ocr_line' id='line_1_36' title="bbox 1821 783 1903 827; baseline -0.012 0"><span class='ocrx_word' id='word_1_130' title='bbox 1821 783 1903 827; x_wconf 81' lang='lat'><em>315</em></span> 
     </span>
    </p>
   </div>
   <div class='ocr_carea' id='block_1_6' title="bbox 1822 1209 1905 1253">
    <p class='ocr_par' dir='ltr' id='par_1_20' title="bbox 1822 1209 1905 1253">
     <span class='ocr_line' id='line_1_37' title="bbox 1822 1209 1905 1253; baseline -0.012 -1"><span class='ocrx_word' id='word_1_131' title='bbox 1822 1209 1905 1253; x_wconf 79' lang='lat'><em>320</em></span> 
     </span>
    </p>
   </div>
   <div class='ocr_carea' id='block_1_7' title="bbox 1819 1635 1903 1679">
    <p class='ocr_par' dir='ltr' id='par_1_21' title="bbox 1819 1635 1903 1679">
     <span class='ocr_line' id='line_1_38' title="bbox 1819 1635 1903 1679; baseline -0.024 0"><span class='ocrx_word' id='word_1_132' title='bbox 1819 1635 1903 1679; x_wconf 77' lang='lat'><em>325</em></span> 
     </span>
    </p>
   </div>
   <div class='ocr_carea' id='block_1_8' title="bbox 1821 2061 1908 2106">
    <p class='ocr_par' dir='ltr' id='par_1_22' title="bbox 1821 2061 1908 2106">
     <span class='ocr_line' id='line_1_39' title="bbox 1821 2061 1908 2106; baseline -0.011 0"><span class='ocrx_word' id='word_1_133' title='bbox 1821 2061 1908 2106; x_wconf 82' lang='lat'><em>330</em></span> 
     </span>
    </p>
   </div>
   <div class='ocr_carea' id='block_1_9' title="bbox 1820 2484 1903 2533">
    <p class='ocr_par' dir='ltr' id='par_1_23' title="bbox 1820 2484 1903 2533">
     <span class='ocr_line' id='line_1_40' title="bbox 1820 2484 1903 2533; baseline -0.012 0"><span class='ocrx_word' id='word_1_134' title='bbox 1820 2484 1903 2533; x_wconf 80' lang='lat'><em>335</em></span> 
     </span>
    </p>
   </div>
  </div>
 </body>
</html>
