2018 3117
477 83 852 131 [ΦΙΓΕΝΕΙΑ
886 87 945 132 Η
973 88 1072 134 EN
1103 90 1362 136 ΑΥΛΙΛΙ
1685 89 1750 141 19

297 219 555 292 δῶσουσ’,
583 219 657 277 ἵν’
683 221 821 294 ἡμᾶς
848 221 1008 290 όντας
1034 222 1255 299 εὑρήσει
1279 228 1499 293 κακούς.

294 305 394 377 τὴν
418 302 472 360 δ’
501 300 575 362 αὖ
600 307 863 363 τάλαιναν
886 312 1198 381 παρθένον,
1228 317 1281 366 τί
1305 314 1620 384 παρθε’;νον
1666 328 1751 372 460

279 387 467 460 ’Ἅιδης
492 415 582 446 νιν
608 389 679 456 ῶς
705 398 848 447 ἔοικε
873 393 1183 463 νυμφεύσει
1209 394 1359 466 τάχα,

295 498 366 540 ως
394 472 585 548 ῶκτισ’
605 475 793 547 ὀἶμαι
817 475 921 548 γάρ
950 500 1040 532 νιν
1066 479 1368 536 ἱκετεύσειν
1392 480 1548 536 τάδε·

296 559 337 614 ῶ
364 558 550 632 πάτερ,
580 557 896 625 ἀποκτενεῖς
921 583 1016 632 με;
1043 562 1325 629 τοιούτους
1351 564 1558 635 γάμους

292 644 516 715 γήμειας
539 641 705 709 αὐτὸς
729 640 922 714 χῶστις
950 641 1070 701 εστί
1089 664 1174 703 σοι
1203 654 1380 719 φίλος.

292 725 484 799 παρών
509 732 543 782 δ
548 725 562 745 '
596 725 847 799 Ὀρέστης
875 725 1039 800 ἐγγὺς
1064 727 1427 804 ἀναβοήσεται
1664 748 1749 792 465

289 809 358 866 οὐ
386 811 588 867 συνετὰ
615 819 855 877 συνετῶς
872 833 882 842 ’
911 819 989 870 ἔτι
1013 815 1116 885 γάρ
1144 812 1256 872 ἐστι
1282 816 1491 888 νήπιος.

287 901 429 965 αίαῖ,
458 894 555 952 τὸν
573 894 788 969 Ἑλένης
815 893 886 963 ῶς
911 896 968 968 μ’
998 896 1281 956 ἀπῶλεσεν
1309 899 1486 972 γάμον

287 979 461 1051 γήμας
487 976 515 1036 ὁ
539 979 797 1052 Πριάμου
819 981 996 1054 Πάρις
1013 1026 1026 1053 ,
1065 982 1124 1045 ὂς
1162 989 1442 1051 εἴργασται
1479 987 1623 1044 τάδε.

89 1069 206 1121 XO.
282 1060 432 1135 κάγῶ
461 1063 802 1142 κατῴκτειρ’,
832 1064 902 1133 ῶς
928 1080 1164 1137 γυναῖκα
1191 1073 1280 1125 δεῖ
1300 1071 1463 1140 ξένην

286 1146 426 1221 ὑπὲρ
454 1152 747 1223 τυράννων
773 1158 1060 1224 συμφορᾶς
1088 1155 1456 1209 καταστένειν.
1662 1169 1746 1213 470

89 1238 219 1288 ME.
285 1230 517 1304 ἀδελφέ,
544 1233 637 1299 δός
661 1257 752 1306 μοι
778 1238 955 1302 δεξιᾶς
980 1242 1072 1308 τῆς
1100 1243 1196 1308 σῆς
1222 1248 1424 1309 θιγεῖν.

88 1323 254 1372 ΑΓΛ.
286 1321 511 1387 δίδωμι·
539 1317 639 1376 σὸν
667 1318 769 1391 γὰρ
795 1319 855 1375 τὸ
882 1320 1105 1391 κράτος,
1134 1319 1326 1387 ἄθλιος
1354 1319 1406 1378 δ’
1436 1323 1561 1394 ἐγῶ.

84 1408 217 1457 ME.
278 1403 502 1457 Πέλοπα
529 1400 857 1474 κατόμνυμ’,
885 1401 943 1468 ὂς
969 1404 1144 1505 πατὴρ
1170 1403 1379 1477 τουμοῦ
1405 1406 1608 1480 πατρὸς

284 1491 383 1540 τοῦ
411 1492 514 1541 σοῦ
539 1486 588 1544 τ’
618 1486 854 1589 ἐκλήθή,
883 1486 980 1543 τὸν
1007 1489 1235 1546 τεκόντα
1260 1488 1308 1546 τ’
1342 1489 1549 1563 Ἀτρέα,

283 1562 317 1641 ἦ
339 1567 451 1640 μὴν
476 1575 624 1643 ἐρεῖν
649 1589 733 1627 σοι
760 1569 897 1627 τάπὸ
927 1579 1156 1643 καρδίας
1182 1580 1371 1647 σαφῶς
1657 1589 1742 1634 475

283 1656 374 1710 καὶ
396 1652 469 1726 μὴ
499 1654 741 1726 ’πίτηδες
766 1656 939 1727 μηδεν
964 1654 1084 1712 ἀλλ’
1112 1656 1243 1714 όσον
1269 1665 1477 1731 φρονῶ.

282 1737 389 1808 ἐγῶ
413 1738 468 1795 σ’
498 1738 593 1797 ἀπ’
623 1738 804 1797 ὅσσων
829 1740 1115 1812 ἐκβαλόντ’
1145 1741 1282 1800 ι’δών
1306 1743 1485 1816 δάκρυ

284 1819 519 1902 ᾦκτειρα
543 1823 745 1889 καύτὸς
772 1822 1065 1897 ἀνταφῆκά
1093 1847 1179 1883 σοι
1199 1828 1365 1885 πάλιν

280 1910 372 1966 καὶ
399 1914 510 1965 τῶν
536 1913 785 1965 παλαιῶν
810 1911 1168 1982 ἐξαφίσταμαι
1192 1912 1391 1984 λόγων,

280 1990 382 2051 οὐκ
411 1999 485 2059 εἰς
510 1994 569 2050 σὲ
595 1992 800 2059 δεινός·
834 1993 941 2065 εἶμι
966 1993 1018 2050 δ’
1049 1989 1222 2070 οὗπερ
1252 1997 1302 2053 εἶ
1324 1995 1392 2052 συ
1418 2003 1552 2053 νῦν·
1655 2012 1739 2056 480

280 2083 378 2134 καί
399 2096 484 2133 σοι
511 2083 760 2152 παραινῶ
787 2076 914 2150 μήτ’
944 2076 1292 2138 ἀποκτείνειν
1315 2083 1511 2137 τέκνον

280 2160 403 2234 μήτ’
436 2159 777 2219 ἀνθελέσθαι
804 2161 1027 2234 τούμόν.
1055 2163 1121 2221 οὐ
1148 2165 1251 2239 γὰρ
1279 2171 1500 2222 ἔνδικον

280 2248 338 2303 σὲ
363 2246 464 2317 μὲν
489 2247 790 2318 στενάζειν,
817 2245 958 2318 τάμὰ
983 2247 1036 2304 δ’
1065 2248 1239 2322 ἡδέως
1267 2257 1428 2322 ἔχειν,

278 2331 546 2403 θνήσκειν
572 2357 629 2388 τε
657 2330 784 2396 τοὺς
810 2332 957 2403 σούς,
989 2334 1115 2401 τοὺς
1141 2332 1194 2390 δ’
1226 2334 1389 2407 ἐμοὺς
1415 2332 1552 2408 ὁρᾶν
1578 2360 1734 2408 φαος.

276 2422 333 2471 τί
351 2415 618 2488 βούλομαι
643 2415 775 2488 γάρ;
805 2415 871 2475 οὐ
899 2417 1105 2489 γάμους
1133 2422 1437 2491 ἐξαιρέτους
1652 2434 1736 2478 485

279 2497 478 2565 ἄλλους
504 2499 721 2573 λάβοιμ’
750 2497 844 2573 ἀν,
875 2508 925 2558 εἰ
948 2503 1138 2574 γάμων
1167 2509 1470 2577 ι’μείρομαω

278 2581 398 2640 ἀλλ’
429 2582 692 2651 ἀπολέσας
719 2584 991 2661 ἀδελφόν
1020 2585 1086 2643 όν
1112 2586 1170 2659 μ’
1201 2586 1380 2659 ήκιστ’
1409 2593 1589 2660 ἐχρῆν,

270 2665 492 2740 Ελένην
515 2673 745 2742 ε’λωμαι,
772 2671 831 2727 τὸ
856 2671 1027 2727 κακὸν
1052 2669 1173 2728 ἀντὶ
1198 2669 1476 2743 τάγαθοῦ·
1465 2717 1477 2739 ,

281 2775 477 2823 αφρων
500 2755 622 2818 νέος
649 2751 697 2808 τ’
728 2747 792 2827 ἧ,
856 2756 988 2855 πρῗιν
1014 2755 1115 2811 τὰ
1103 2754 1375 2827 πράγματ’
1403 2757 1646 2827 ἐγγύθεν

278 2842 500 2890 σκοπῶν
526 2840 737 2894 ἐσεῖδον
763 2835 882 2894 οἷον
907 2840 976 2910 ἡν
996 2846 1234 2895 κτείνειν
1261 2842 1440 2895 τέκνα.
1647 2853 1728 2898 490

1322 2920 1353 2969 2
1369 2921 1394 2950 *
