2018 3117
148 409 258 458 ΚΤ.

147 577 262 625 ΟΔ.

145 661 196 709 K
201 662 256 708 Y.

147 828 262 877 ΟΔ.

836 93 1145 139 ΚΥΚΛΩΨ
1691 67 1787 146 177

332 235 629 305 πέρσαντες
654 230 818 302 ἄστυ,
844 232 1153 303 πνεύμασιν
1176 236 1498 296 θαλασσίοις

338 316 441 388 σὴν
467 329 631 387 γαῖαν
654 275 1029 382 ἐξωσθέντες
1003 313 1234 386 η’κομεν,
1261 315 1524 380 Κύκλωψ.

326 393 361 471 ἦ
385 406 478 471 τῆς
507 406 761 470 κακίστης
787 407 842 455 οἳ
860 398 1159 470 μετήλθεθ’
1190 397 1435 470 ἅρπαγας
1706 415 1790 458 280

325 482 444 539 ‘Ea'
416 507 540 555 ενης
571 483 940 555 Σκαμάνδρου
964 481 1166 554 γείτον’
1190 481 1286 538 Ἰλ’
1262 507 1349 538 ιου
1375 482 1564 549 πόλιν;

333 561 511 637 οὗτοι,
543 568 716 623 πόνον
739 565 835 622 τὸν
864 566 1052 622 δεινὸν
1077 567 1473 638 ἐξηντληκότες.

326 651 551 724 αἰσχρὸν
580 651 887 722 στράτευμά
913 648 986 722 γ’,
1017 655 1211 714 οἵτινες
1236 657 1359 721 μιᾶς
1381 651 1541 723 χάριν

330 734 592 808 γυναικὸς
617 733 959 801 ἐξεπλεύσατ’
993 741 1067 799 είς
1094 750 1256 806 γαῖαν
1282 741 1538 806 Φρυγῶν.

329 826 470 876 θεοῦ
496 818 555 875 τὸ
587 825 832 890 πρᾶγμα·
857 816 1050 893 μηδέν’
1080 824 1233 875 αι’τιῶ
1263 824 1494 891 βροτῶν.
1705 834 1788 878 285

332 902 485 975 ἡμεῖς
515 906 580 959 δέ
603 901 675 974 σ’,
703 896 747 958 «23
773 910 912 958 θεοῦ
938 909 1166 959 ποντίου
1190 916 1411 972 γενναῖε
1438 916 1551 974 παῖ,

334 988 647 1059 ἶκετεύομέν
673 1011 730 1043 τε
759 990 850 1043 καὶ
876 991 1105 1060 λέγομεν
1128 988 1450 1057 ἐλευθέρως,

331 1071 402 1143 μὴ
430 1078 556 1144 τλῇς
585 1070 720 1144 πρὸς
747 1069 916 1142 άντρα
941 1092 1070 1137 σους
1097 1069 1434 1143 ἀφιγμένους
1465 1075 1654 1136 ξένους

331 1169 552 1212 κτανεῖν
584 1156 758 1228 βοράν
780 1180 837 1211 τε
863 1162 1027 1211 δυσσε
1013 1162 1102 1227 βῆ
1128 1159 1334 1211 θέσθαι
1363 1155 1619 1225 γνάθοις

335 1264 384 1295 οι
409 1239 506 1296 τοι
535 1240 661 1310 σόν,
690 1242 860 1311 ὦναξ,
892 1238 1080 1311 πατέρ’
1110 1246 1253 1310 ἔχειν
1278 1246 1431 1294 ναῶν
1456 1242 1618 1312 ε’δρας
1704 1255 1788 1298 290

334 1325 716 1399 ἐρρυσάμεσθα
746 1331 844 1397 γῆς
868 1328 926 1379 ἐν
949 1322 1201 1389 Ἑλλάδος
1230 1336 1436 1394 μυχοῖς.

336 1410 476 1480 ἱερός
506 1405 554 1464 τ’
590 1405 901 1485 ἄθραυστος
938 1409 1213 1480 Ταινάρου
1236 1409 1388 1477 μένει
1412 1406 1577 1477 λιμὴν

330 1495 557 1556 Μαλέας
581 1489 629 1547 τ’
659 1483 816 1564 ἄκροι
841 1498 1163 1562 κευθμῶνες
1189 1489 1224 1562 ἤ
1250 1515 1307 1546 τε
1335 1498 1584 1548 Σουνίου

333 1581 452 1640 δίας
475 1573 711 1640 ’Λθάνας
736 1583 842 1641 σῶς
866 1574 1182 1648 ὑπάργυρος
1208 1578 1375 1645 πέτρα

335 1666 651 1733 Γεραίστιοί
671 1684 728 1715 τε
753 1667 1093 1731 καταφυγαί,
1125 1660 1190 1714 τά
1211 1656 1272 1713 θ’
1296 1657 1547 1724 Ελλάδος
1702 1674 1787 1718 295

332 1744 586 1850 δύσφορά
613 1742 666 1843 γ’
702 1743 887 1816 ὀνείδη
917 1746 1125 1817 Φρυξὶν
1149 1741 1250 1798 οὐκ
1276 1744 1581 1814 ἐδώκαμεν·

334 1829 413 1883 ὠν
442 1830 533 1883 καὶ
562 1847 631 1883 συ
661 1843 860 1884 κοινοῖ·
891 1835 987 1901 γῆς
1015 1828 1118 1900 γὰρ
1137 1825 1388 1892 Ελλάδος
1409 1851 1620 1931 μυχους

334 1918 500 1976 οἰκεῖς
528 1909 625 1967 ὑπ’
656 1923 832 1985 Αἴτνῃ
891 1919 956 1986 τῆ
980 1912 1325 1986 πυριστάκτω
1350 1913 1534 1986 πέτρα.

333 1995 501 2067 νόμος
523 1996 586 2051 δὲ
608 2005 851 2067 θνητοῖς,
880 2004 930 2053 εἰ
953 2001 1152 2062 λόγους
1173 2001 1505 2068 ἐπιστρέφει,

334 2083 508 2145 ἱκέτας
534 2082 791 2151 δέχεσθαι
815 2088 1072 2146 ποντίους
1100 2083 1485 2153 ἐφθαρμένους
1704 2096 1788 2140 300

335 2165 482 2230 ξένιά
506 2188 563 2220 τε
592 2170 787 2221 δοῦναι
811 2169 903 2222 καὶ
927 2169 1151 2230 πέπλοις
1177 2167 1485 2238 ἐπαρκέσαι,

334 2246 433 2304 οὐκ
457 2245 598 2320 ἀμφὶ
621 2251 945 2322 βουπόροισι
967 2252 1275 2322 πηχθέντας
1298 2251 1431 2320 μέλη

336 2330 576 2403 ὀβελοῖσι
598 2333 778 2405 νηδὺν
801 2337 892 2390 καὶ
916 2335 1130 2407 γνάθον
1154 2340 1353 2404 πλῆσαι
1380 2335 1562 2388 σέθεν.

339 2414 456 2482 ἅλις
482 2417 543 2473 δὲ
563 2419 822 2491 Πριάμου
847 2417 958 2491 γαῖ’
987 2416 1215 2490 ἐχήρωσ’
1241 2416 1486 2485 Ἑλλάδα,

336 2506 553 2557 πολλῶν
575 2510 789 2575 νεκρῶν
812 2510 1014 2558 πιοῦσα
1051 2507 1308 2570 δοριπετή
1342 2500 1534 2571 φόνον,
1705 2514 1792 2556 305

337 2582 564 2656 ἀλόχους
592 2585 641 2641 τ’
675 2585 984 2658 ἀνάνδρους
1012 2592 1183 2658 γραῦς
1204 2583 1254 2640 τ’
1289 2582 1521 2649 ἄπαιδας
1545 2581 1712 2640 ὤλεσε

333 2669 557 2733 πολιούς
581 2693 638 2725 τε
668 2674 916 2741 πατέρας.
946 2677 996 2726 εί
1022 2672 1083 2726 δὲ
1111 2668 1238 2734 τοὺς
1268 2671 1652 2740 λελειμμένους

336 2750 405 2806 σὺ
431 2754 800 2826 συμπυρώσας
825 2752 966 2810 δαῖτ’
996 2752 1293 2819 άναλώσεις
1323 2753 1541 2824 πικράν,

334 2849 431 2892 ποῖ
451 2837 712 2909 τρέφεταί
728 2862 836 2906 τις;
865 2836 984 2893 ἀλλ’
1014 2839 1132 2909 ἐμοὶ
1153 2844 1355 2909 πιθοῦ,
1383 2838 1647 2906 Κύκλωψ,

281 2933 430 2963 evam.
470 2934 572 2965 von.
606 2921 660 2964 II.
1454 2916 1518 2964 12
