2018 3117
773 109 1124 156 ΤΡῼΙΑΔΕΣ
1646 109 1744 161 355

100 252 205 303 ΕΚ.
277 244 383 317 ε’γώ
409 247 471 302 δὲ
494 270 565 323 τῳ
598 247 909 319 πρόσπολος
933 246 967 304 ἆ
990 249 1381 350 τριτοβάμονος
1402 252 1521 387 χερὶ
1662 265 1745 310 275

284 333 556 402 δευομένα
582 332 825 404 βάκτρου
851 339 1056 408 γεραιῷ
1080 335 1249 408 κάρα;

102 420 210 470 ΤΑ.
257 410 486 478 Ἴθακος
507 413 808 481 Ὀδυσσεύς
833 415 982 487 ἔλαχ’
1011 415 1143 485 άναξ
1170 418 1377 490 δούλην
1403 417 1457 475 σ’
1489 425 1573 492 ἔχε
1550 443 1649 476 cm

100 505 208 556 ΕΚ.

94 1600 206 1650 XO.

98 1769 207 1818 TA.

47 2780 195 2830 ἘΚ

281 501 307 554 ἓ
331 505 372 554 ἔ.

284 581 486 654 άρασσε
511 590 682 656 κρᾶτα
705 584 990 657 κούριμον,

282 665 398 723 ἕλκ’
427 666 684 739 ὀνύχεσσι
710 673 975 739 δίπτυχον
999 671 1248 743 παρειάν.
1661 687 1743 731 280

288 752 352 807 ἰω’
376 759 474 823 μοί
493 775 601 824 μοι.

282 843 509 911 μυσαρῷ
537 841 703 911 δολίῳ
729 838 958 908 λέλογχα
984 840 1127 908 φωτὶ
1152 840 1459 912 δουλεύειν,

281 928 520 996 πολεμίῳ
546 926 727 991 δίκας,
755 921 1054 996 παρανόμῳ
1081 923 1253 994 δάκει,

283 1001 342 1070 ὃς
365 1005 542 1061 πάντα
565 1003 825 1062 τάκεῖθεν
851 1004 1045 1062 ἐνθάδ’
1659 1023 1740 1068 285

281 1086 533 1145 ἀντίπαλ’
564 1082 732 1156 αὖθις
758 1093 931 1146 ἐκεῖσε
957 1091 1200 1166 διπτύχῳ
1228 1093 1447 1167 γλώσσᾳ

283 1180 418 1245 φίλα
440 1172 503 1230 τὰ
530 1172 752 1247 πρότερ’
783 1172 954 1245 ᾶφιλα
977 1178 1278 1247 τιθέμενος.
1307 1178 1523 1243 πάντως

281 1257 504 1329 γοᾶσθ’,
532 1251 576 1314 ὦ
613 1259 893 1334 Τρῳάδες,
919 1282 1002 1330 με.

279 1345 486 1414 βέβακα
512 1343 847 1415 δύσποτμος,
875 1352 1088 1416 οἴχομαι

282 1425 316 1482 ᾶ
339 1428 593 1498 τάλαινα,
622 1428 1035 1504 δυστυχεστάτῳ
1659 1444 1741 1487 290

280 1515 622 1584 προσέπεσον
647 1513 846 1587 κλήρῳ.

280 1593 339 1651 τὸ
364 1620 466 1668 μεν
489 1596 590 1673 σὸν
616 1596 808 1668 οἶσθα,
837 1596 1061 1667 πότνια,
1088 1595 1182 1662 τὰς
1208 1594 1261 1652 δ’
1292 1596 1420 1669 ἐμᾶς
1447 1597 1612 1670 τύχας

279 1685 360 1745 τίς
384 1678 473 1752 ἀρ’
498 1670 729 1752 Ἀχαιῶν
752 1677 787 1752 ἢ
811 1687 892 1746 τίς
919 1679 1193 1752 Ελλήνων
1218 1688 1354 1752 ἔχεις

276 1762 346 1820 ἴτ’
354 1769 700 1837 ,ἐκκομίζειν
723 1771 891 1838 δεῦρο
919 1765 1256 1837 Κασάνδραν
1280 1765 1459 1838 χρεων

280 1845 412 1905 ὅσον
435 1850 682 1920 τάχιστα,
710 1855 911 1921 δμῶες,
941 1848 1012 1915 ὡς
1038 1851 1374 1923 στρατηλάτῃ
1658 1865 1739 1909 295

282 1939 357 1998 εἰς
383 1946 538 2006 χεῖρα
563 1939 745 2006 δῶμεν
762 1954 772 1964 ·
801 1935 914 1990 εἶτα
935 1933 1029 1999 τᾶς
1055 1937 1373 2006 εἰληγμένας

276 2019 369 2073 καὶ
391 2031 566 2074 τοῖσιν
594 2017 776 2084 ἄλλοις
800 2024 1214 2090 αἰχμαλωτίδων
1238 2018 1370 2091 ᾶγω.

279 2107 366 2173 ἔα,
393 2109 451 2158 τί
470 2102 675 2174 πεύκης
700 2108 861 2159 ἔνδον
886 2108 1094 2160 ἵσταται
1119 2106 1307 2172 σέλας;

279 2193 586 2260 πιμπρᾶσιν
613 2183 646 2259 ἢ
669 2194 727 2244 τί
746 2193 918 2261 δρῶσι
951 2189 1207 2263 Τρῳάδες
1229 2189 1453 2260 μυχούς,

281 2267 352 2336 ὣς
377 2272 666 2344 ἐξάγεσθαι
689 2277 851 2344 τῆσδε
874 2275 1168 2345 μέλλουσαι
1190 2272 1396 2344 χθονὸς
1653 2286 1736 2329 300

279 2354 648 2430 πρὸς’Ἇργος,
675 2354 861 2414 αὑτῶν
884 2355 933 2412 τ’
963 2360 1266 2429 ἐκπυροῦσι
1288 2356 1509 2427 σώματα

278 2448 477 2496 θανεῖν
502 2444 798 2509 θέλουσαι;
825 2441 996 2513 κάρτα
1020 2463 1104 2496 τοι
1127 2438 1506 2511 τούλεύθερον

279 2526 339 2579 ἐν
363 2537 474 2589 τοῖς
500 2525 766 2590 τοιούτοις
796 2525 1088 2595 δυσλόφως
1113 2527 1271 2597 φέρει
1293 2524 1450 2580 κακά.

277 2605 456 2679 ἄνοιγ’
487 2606 700 2681 ᾶνοιγε,
727 2608 800 2680 μὴ
825 2608 884 2664 τὸ
912 2613 1098 2664 ταῖσδε
1122 2609 1460 2680 πρόσφορον,

277 2691 481 2764 ἐχθρὸν
506 2691 558 2748 δ’
591 2691 850 2764 Ἀχαιοῖς,
879 2698 954 2757 εἰς
980 2691 1064 2763 ἔμ’
1093 2699 1274 2748 αἰτίαν
1298 2693 1456 2765 βάλῃ.
1650 2706 1732 2750 305

273 2774 375 2831 οὐκ
401 2782 575 2846 ἔστιν,
602 2775 669 2832 οὐ
694 2783 1028 2848 πιμπρᾶσιν,
1055 2775 1192 2833 ἀλλὰ
1215 2791 1340 2842 παῖς
1365 2776 1462 2847 ε’μὴ

277 2859 474 2931 μαινὰς
498 2861 683 2928 θοάζει
709 2867 876 2933 δεῦρο
900 2861 1201 2935 Κασάνδρα
1227 2861 1430 2934 δρόμῳ.

1296 2941 1400 2991 23*
