2018 3117
229 74 331 128 378

862 74 1216 121 ΤΡῼΙΑΔΕΣ

422 218 483 273 ἐν
505 216 605 288 μὲν
631 213 735 287 γάρ
746 212 938 285 ’Ἀργει
963 209 1113 285 μίκρ’
1143 208 1326 282 ἔχουσ’
1356 207 1717 285 ἀνεστρέφου,

420 300 681 376 Σπάρτης
707 296 759 354 δ’
789 295 1202 368 ἀπαλλαχθεῖσα
1224 293 1326 367 τὴν
1354 302 1596 368 Φρυγῶν
1620 298 1784 355 πόλιν

420 389 605 459 χρυσῷ
633 386 870 456 ῥέουσαν
896 379 1127 453 ἤλπισας
1153 380 1519 435 κατακλύσειν
1805 397 1887 441 995

423 469 782 525 δαπάναισιν·
812 464 939 523 ουδ’
971 468 1043 538 ἦν
1069 465 1232 521 ἱκανά
1254 482 1340 520 σοι
1365 488 1431 520 τα
1454 463 1719 522 Μενέλεω

419 556 669 626 μέλαθρα
704 565 821 617 ταῖς
849 564 968 616 σαῖς
993 554 1418 623 ἐγκαθυβρίζειν
1441 563 1693 622 τρυφαῖς.

427 639 566 709 εἷεν,
592 644 687 712 βίᾳ
716 636 821 710 γὰρ
851 641 1022 693 παῖδα
1047 636 1155 708 φής
1179 632 1231 691 σ’
1262 631 1418 706 ἄγειν
1442 635 1600 706 ἐμόν·

419 730 500 790 τίς
523 728 892 795 Σπαρτιατῶν
915 718 1131 795 ᾔσθετ’,
1157 715 1192 792 ἢ
1219 725 1385 775 ποίαν
1408 718 1547 792 βοὴν

423 806 789 879 ἀνωλόλυξας,
816 806 1098 879 Κάστορος
1122 811 1352 862 νεανίου
1780 821 1892 862 1000

419 899 518 950 τοῦ
544 892 786 965 συζύγου
809 890 858 948 τ’
895 889 970 947 ἔτ’
1005 889 1163 956 όντος
1187 887 1253 946 οὐ
1279 887 1401 945 κατ’
1432 887 1605 963 άστρα
1629 912 1744 958 πω;

421 980 539 1035 ἐπεὶ
563 978 624 1034 δε
661 983 865 1051 Τροίαν
890 969 1059 1047 ἦλθες
1088 974 1332 1049 Ἀργεῖοί
1351 976 1412 1030 τέ
1430 993 1533 1031 σου

423 1060 543 1119 κατ’
574 1072 748 1134 ἴχνος,
773 1064 843 1134 ἠν
868 1062 928 1118 δε
955 1059 1244 1134 δοριπετὴς
1269 1057 1497 1131 ἀγωνία,

424 1154 474 1205 εἰ
498 1172 599 1220 μεν
622 1171 688 1203 τα
712 1151 878 1203 τοῦδε
902 1142 1183 1219 κρείσσον’
1219 1142 1539 1216 ἀγγέλλοιτό
1565 1163 1668 1216 σοι,

420 1229 764 1289 Μενέλαον’
742 1230 920 1305 ᾔνεις,
947 1243 1072 1296 παῖς
1099 1227 1248 1295 όπως
1273 1226 1490 1284 λυποῖτ’
1520 1228 1646 1302 ἐμὸς
1784 1244 1892 1286 1005

421 1324 561 1390 ἔχων
586 1323 785 1388 ε’ρωτος
809 1314 1223 1388 ἀνταγωνιστὴν
1248 1317 1447 1386 μέγαν·

424 1409 474 1459 εἰ
496 1399 548 1458 δ’
580 1399 865 1473 εὐτυχοῖεν
896 1407 1104 1473 Τρῶες,
1133 1398 1302 1456 οὐδεν
1324 1401 1395 1471 ἠν
1419 1394 1531 1455 ὅδε.

423 1494 498 1553 εἰς
522 1486 622 1558 τὴν
646 1487 817 1559 τύχην
842 1484 894 1542 δ’
927 1483 1110 1559 ὁρῶσα
1133 1492 1267 1541 τοῦτ
1271 1481 1443 1556 ’ἤσκε
1429 1507 1498 1549 ις
1522 1481 1670 1550 ὅπως

422 1570 563 1629 ἕποι’
597 1569 692 1644 ἅμ’
719 1570 886 1645 αὐτῇ,
913 1569 1111 1645 τάρετῇ
1137 1568 1189 1627 δ’
1220 1567 1321 1625 οῦκ
1347 1566 1561 1641 ἤθελες.

420 1655 651 1714 κᾶπειτα
676 1665 930 1722 πλεκταῖς
954 1662 1107 1728 σῶμα
1133 1653 1234 1712 σὸν
1258 1656 1511 1709 κλέπτειν
1536 1655 1711 1725 λέγεις
1786 1666 1895 1709 1010

424 1743 656 1816 πύργων
681 1739 923 1798 καθιεῖσ’
957 1738 1028 1806 ὦς
1053 1737 1278 1813 μένουσ’
1309 1736 1611 1806 ἀκουσίως;

421 1833 530 1883 ποῦ
557 1825 678 1898 δῆτ’
709 1827 956 1898 ἐλήφθης
979 1822 1014 1897 ἦ
1039 1825 1272 1898 βρόχους
1298 1822 1585 1896 ἀρτωμένη

420 1907 455 1982 ἢ
481 1912 770 1984 φάσγανον
793 1909 1053 1983 θήγουσ’,
1082 1907 1116 1966 ὁὶ
1140 1915 1369 1982 γενναιά
1390 1906 1533 1980 γυνὴ

424 1997 679 2068 δράσειεν
705 1993 773 2051 ἂν
801 2001 1059 2052 ποθοῦσα
1083 1993 1181 2051 τὸν
1205 1994 1377 2065 πάρος
1401 1993 1595 2061 πόσιν;

423 2087 600 2136 καίτοι
622 2079 680 2152 γ’
711 2083 1050 2136 ἐνουθέτουν
1075 2099 1135 2136 σε
1159 2077 1334 2135 πολλὰ
1358 2077 1644 2142 πολλάκις·
1786 2090 1895 2132 1015

426 2157 470 2220 ὦ
493 2165 740 2237 θύγατερ
768 2163 968 2235 ἔξελθ’,
997 2170 1055 2220 οἱ
1075 2163 1128 2220 δ’
1157 2165 1274 2271 ἐμοὶ
1299 2167 1491 2227 παῖδες
1516 2161 1724 2233 γάμους

424 2247 628 2315 ἄλλους
652 2256 916 2323 γαμοῦσι,
945 2249 1005 2304 σε
1030 2246 1082 2304 δ’
1113 2250 1200 2305 ἐπὶ
1224 2254 1362 2312 ναῦς
1392 2244 1644 2318 Ἀχαϊκας

429 2337 624 2406 πέμψω
651 2336 1088 2404 συνεκκλέψασα,
1115 2335 1208 2389 καὶ
1233 2338 1448 2388 παῦσον
1474 2332 1645 2403 μάχης

409 2416 677 2491 ’Έλληνας
700 2417 839 2491 ἡμᾶς
863 2416 933 2474 τ’.
961 2416 1099 2474 ἀλλὰ
1122 2419 1209 2474 σοὶ
1236 2415 1354 2473 τόδ’
1383 2410 1452 2488 ἦν
1477 2416 1696 2489 πικρόν.

424 2508 484 2561 ἐν
509 2518 619 2569 τοῖς
637 2503 1001 2576 Ἀλεξάνδρου
1026 2502 1129 2575 γὰρ
1155 2500 1370 2575 ύβριζες
1397 2502 1584 2572 δόμοις
1788 2512 1894 2556 1020

423 2590 516 2645 καὶ
540 2598 980 2663 προσκυνεῖσθαι
1004 2587 1302 2660 βαρβάρων
1329 2584 1424 2642 ὕπ’
1453 2583 1666 2658 ἤθελες·

424 2674 634 2746 μεγάλα
659 2698 764 2747 γαρ
792 2699 863 2775 ην
886 2693 982 2730 σοι
1025 2670 1158 2729 κάπι
1181 2676 1363 2727 τοῖσδε
1388 2669 1488 2728 σόν
1513 2673 1679 2743 δέμας

431 2761 658 2829 ἐξῆλθες
682 2757 965 2830 ἀσκήσασα
990 2755 1267 2829 κάβλεψας
1291 2756 1449 2812 πόσει

429 2841 527 2899 τὸν
551 2840 724 2900 αὐτὸν
748 2841 954 2914 αἰθέρ’,
986 2866 1026 2897 ω
1053 2842 1432 2897 κατάπτυστον
1455 2843 1621 2909 κάρα·
