2018 3117
849 103 985 149 ΙΩΝ
1647 98 1744 148 155

94 250 199 299 KP.
275 246 346 298 σὺ
371 249 482 297 τῶν
508 240 752 297 ἀτέκνων
776 239 897 313 δῆτ’
927 238 1260 311 ἀναρπάσεις
1284 240 1520 311 δόμους;
1635 254 1746 296 1303

93 334 251 384 ΙΩΝ.
278 326 482 397 πατρός
505 349 568 397 γε
591 332 696 396 γῆν
722 327 971 389 διδόντος
994 321 1064 395 ἣν
1088 325 1365 395 ἐκτήσατο.
1636 337 1746 380 1296

91 418 200 466 ΚΡ.
276 424 386 475 τοῖς
409 411 619 465 Αἰόλου
645 410 705 465 δὲ
731 417 843 473 πῶς
867 415 1036 480 μετῆν
1058 415 1152 480 τῆς
1173 409 1494 475 Παλλάδος;

91 501 252 551 ΙΩΝ.
281 493 534 550 ὅπλοισιν
558 491 733 565 αὐτὴν
757 492 822 549 οὐ
847 494 1032 563 λόγοις
1057 493 1323 563 ἐρρύσατο

90 586 200 634 ΚΡ
278 582 568 649 ἐπίκουρος
593 578 825 650 οἰκήτωρ
853 575 906 647 γ’
935 601 1004 632 αν
1029 574 1131 631 οῦκ
1159 586 1241 647 εἰη
1266 577 1488 647 χθονός.
1634 588 1745 630 1299

94 670 253 718 ῙΩΝ.
279 661 428 765 ημῖν
437 666 501 719 δέ
521 662 575 734 γ’
605 661 741 718 ἀλλὰ
765 668 1032 732 πατρικῆς
1059 658 1161 716 οὐκ
1186 663 1255 732 ἡν
1281 664 1470 732 μέρος·
1458 704 1470 727 ,
1638 674 1747 715 1304

91 755 201 802 ΚΡ.
281 745 366 803 ὅσ’
399 745 559 812 ἄσπις
583 753 735 817 ἔγχος
760 743 853 801 θ’·
879 743 979 816 ἥδε
1005 747 1127 800 σοι
1114 751 1416 819 παμπησία.
1542 738 1595 790 4*
1635 758 1745 799 1305

91 838 254 888 ΙΩΝ.
285 838 499 887 ἔκλειπε
521 831 710 903 βωμὸν
735 832 826 886 καὶ
849 829 1154 901 θεηλάτους
1181 833 1357 899 ἕδρας.

91 923 201 971 ΚΡ.
278 914 377 987 τὴν
401 914 505 986 σὴν
529 914 668 971 ὅπου
695 933 780 970 σοι
805 913 993 985 μητέρ’
1017 916 1128 970 ἐστὶ
1152 917 1426 969 νουθέτει.

333 997 698 1019 ΧΧΧΧ

92 1091 202 1139 ΚΡ.
278 1082 347 1155 ῆν
371 1082 423 1156 γ’
454 1083 604 1149 ἐντὸς
628 1082 846 1140 ἀδυτων
871 1087 1049 1139 τῶνδέ
1069 1105 1135 1154 με
1162 1083 1363 1154 σφάξαι
1390 1084 1574 1154 θέλῃς.

91 1175 253 1224 ΙΩΝ.
279 1175 360 1233 τίς
383 1167 554 1240 ἡδονή
578 1187 663 1224 σοι
687 1175 828 1223 θεοῦ
853 1178 1053 1224 θανεῖν
1078 1171 1137 1222 ἐν
1161 1171 1452 1238 στέμμασι·
1440 1209 1453 1233 ,
1637 1179 1745 1221 1310

92 1259 201 1309 ΚΡ.
278 1253 594 1324 λυπήσομέν
620 1251 724 1307 τιν’
733 1254 854 1322 ,ὠν
876 1249 1251 1322 λελυπήμεσθ’
1280 1249 1406 1306 ὕπο.
1465 1296 1478 1319 ,
1527 1280 1563 1307 v
1588 1276 1618 1303 ι.
1648 1260 1817 1296 mm

94 1340 255 1392 IszN.
285 1344 410 1408 φεῦ.
1641 1332 1710 1377 ro·
1735 1328 1870 1415 ξψπ
1840 1308 2010 1362 ⁶05⁸!

283 1421 468 1477 δεινόν
493 1444 580 1493 γε,
607 1430 833 1492 θνητοῖς
857 1420 984 1485 τοὺς
1011 1420 1215 1491 νόμους
1240 1417 1311 1484 ὡς
1337 1416 1403 1473 οὐ
1428 1424 1606 1482 καλῶς

283 1512 487 1577 ἔθηκεν
511 1503 538 1560 ὁ
567 1504 699 1570 θεὸς
723 1502 845 1560 οὐδ’
875 1502 980 1560 άπὸ
1006 1505 1223 1575 γνώμης
1247 1509 1422 1573 σοφῆς
1438 1521 1448 1531 ·

282 1589 410 1654 τοὺς
433 1590 532 1660 μὲν
556 1589 660 1661 γὰρ
686 1586 911 1653 ἀδίκους
935 1588 1124 1660 βωμὸν
1151 1585 1251 1658 οὐχ
1280 1592 1412 1654 ἵζειν
1438 1590 1618 1658 ἐχρῆν,

283 1671 402 1729 ἀλλ’
433 1674 746 1740 ἐξελαύνειν
762 1692 772 1701 ·
799 1671 932 1728 οὐδὲ
953 1673 1058 1744 γαρ
1083 1672 1286 1738 ψαύειν
1310 1670 1480 1726 καλὸν
1638 1684 1744 1728 1315

280 1764 433 1813 θεῶν
457 1757 706 1829 πονηρὰν
728 1771 904 1829 χεῖρα·
934 1770 1072 1813 τοῖσι
1097 1755 1147 1812 δ’
1178 1759 1416 1820 ἐνδίκοις

283 1841 404 1912 ἱερὰ
427 1849 704 1911 καθίζειν,
731 1839 878 1906 ὅστις
901 1839 1155 1912 ἠδικεῖτ’,
1183 1844 1364 1911 ἐχρῆν,

280 1928 372 1982 καὶ
395 1926 467 1997 μὴ
489 1925 570 1982 ’πὶ
594 1924 759 1981 ταύτὸ
786 1924 935 1981 τοῦτ’
967 1924 1102 1982 ἰόντ’
1136 1932 1280 1996 ἔχειν
1308 1933 1428 1980 ἴσον

282 2010 379 2066 τόν
403 2008 452 2065 τ’
483 2010 688 2066 ἐσθλὸν
713 2009 845 2066 ὄντα
869 2010 965 2066 τόν
987 2034 1044 2066 τε
1068 2008 1140 2081 μὴ
1169 2015 1322 2064 θεῶν
1346 2009 1507 2081 πάρα.

95 2100 211 2148 HT.
281 2098 520 2166 ἐπίσχες,
549 2088 591 2150 ὦ
616 2108 738 2150 παῖ·
765 2100 1000 2166 τρίποδα
1025 2094 1128 2166 γὰρ
1153 2090 1482 2164 χρηστήριον
1637 2106 1744 2149 1320

285 2185 524 2234 λιποῦσα
547 2185 785 2250 θριγκοῦ
810 2177 963 2234 τοῦδ’
991 2177 1319 2250 ὑπερβάλλω
1345 2175 1489 2233 πόδα

285 2269 496 2334 Φοίβου
522 2270 818 2335 προφῆτις,
845 2269 1103 2335 τρίποδος
1131 2261 1358 2334 αρχαῖον
1382 2259 1556 2332 νόμον

284 2348 555 2418 σώζουσα,
589 2355 780 2404 πασῶν
802 2353 1105 2420 Δελφίδων
1130 2350 1414 2419 ἐξαίρετος.

92 2437 254 2486 ΙῼΝ.
280 2429 424 2502 χαῖρ’
455 2456 495 2487 ω
523 2438 655 2504 φίλη
680 2457 771 2504 μοι
795 2439 990 2504 μῆτερ,
1018 2456 1083 2488 ου
1107 2431 1342 2487 τεκοῦσά
1365 2453 1484 2497 περ.

95 2522 214 2569 HT.
285 2513 405 2570 ἀλλ’
434 2509 538 2571 οὖν
563 2515 917 2588 ἐλεγόμεσθ·
944 2515 977 2588 ἡ
1005 2516 1165 2587 φάτις
1191 2513 1242 2570 δ’
1273 2512 1341 2570 οὔ
1366 2537 1456 2585 μοι
1481 2514 1665 2586 πικρά.

96 2605 256 2655 ΙῼΝ.
284 2598 523 2670 ἤκουσας
549 2598 620 2666 σός
643 2599 700 2672 μ’
731 2609 973 2657 ἔκτεινεν
997 2599 1096 2671 ηδε
1120 2623 1355 2672 μηχαναι
1340 2613 1412 2664 ”g-
1401 2643 1413 2665 ‚
1637 2611 1745 2654 1326

101 2690 215 2738 HT.
287 2682 500 2755 ἥκουσα
517 2703 529 2714 “
555 2688 647 2741 καὶ
672 2685 743 2741 σύ
769 2684 822 2757 γ’
853 2684 997 2757 ὠμὸς
1024 2682 1102 2740 ὢν
1128 2683 1472 2757 ἁμαρτάνεις.

96 2773 257 2823 ΙΩΝ.
290 2766 356 2823 οὐ
379 2767 482 2839 χρή
506 2792 571 2839 με
594 2768 722 2835 τοῦς
745 2777 1059 2834 κτείνοντας
1082 2768 1518 2833 ἄνταπολλύναι;

95 2857 214 2907 HT.
285 2866 576 2923 προγονοῖς
600 2854 868 2925 δάμαρτες
893 2859 1180 2926 δυσμενεῖς
1206 2851 1296 2908 άεί
1326 2874 1472 2907 ποτε.
1497 2856 1568 2919 X
