2018 3117
249 676 354 726 ΠΡ

247 2537 414 2592 ΑΓΛ.

627 106 1005 152 ΙΦΙΓΕΝΕΙΑ
1039 106 1096 150 H
1129 106 1226 150 EN
1256 103 1513 150 ΑΤΛΙΔΪ

444 244 623 318 γλυκτζ>
650 247 779 317 μέν,
805 252 974 301 λυπεῖ
997 246 1057 301 δὲ
1082 244 1532 316 προσιστάμενον.

444 331 564 386 τοτὲ
590 331 692 402 μὲν
721 329 787 385 τὰ
813 335 968 385 θεῶν
992 326 1095 385 οὐκ
1122 325 1439 400 ὀρθωθέντ’

446 413 711 487 ἀνέτρεψε
735 421 888 486 βίον,
915 415 1035 470 τοτὲ
1061 412 1112 469 δ’
1143 411 1465 484 ἀνθρώπων

447 505 662 571 γνῶμαι
687 501 884 554 πολλαὶ

447 586 539 640 καὶ
565 582 892 656 δυσάρεστοι
919 585 1255 639 διέκναισαν.

443 666 547 725 οὐκ
573 666 778 740 ἄγαμαι
801 665 957 724 ταῦτ’
988 665 1189 739 ἀνδρὸς
1219 664 1509 739 ἀριστέως·

446 750 550 809 οὐκ
577 755 665 809 ἐπὶ
691 759 859 809 πᾶσίν
887 750 941 808 σ’
971 750 1236 824 ἐφύτευσ’
1268 749 1519 824 ἀγαθοῖς,

439 835 806 910 Ἀγάμεμνον,
828 835 1064 909 Ἀτρεύς.

446 928 536 979 δεῖ
555 925 620 979 δέ
641 942 702 978 σε
724 929 937 994 χαίρειν
961 923 1053 978 καὶ
1078 929 1402 978 λυπεῖσθαι·

447 1007 652 1080 θνητὸς
676 1007 779 1079 γὰρ
809 1014 963 1079 ἔφυς.
1013 1003 1117 1062 κάν
1141 1005 1213 1078 μὴ
1243 1004 1311 1061 σὺ
1340 1007 1525 1078 θέλῃς,

446 1091 512 1148 τὰ
536 1098 689 1148 θεῶν
717 1089 861 1149 οὕτω
891 1088 1187 1163 βουλόμεν’
1219 1097 1382 1147 ἔσται.

450 1175 519 1233 σὺ
550 1178 610 1233 δὲ
635 1181 947 1249 λαμπτῆρος
974 1176 1113 1247 φάος
1141 1173 1453 1246 ἀμπετάσας

447 1264 641 1318 δέλτον
664 1285 720 1318 τε
746 1261 976 1333 γράφεις

446 1343 603 1418 τήνδ’
633 1343 702 1418 ἣν
728 1345 832 1418 πρὸ
861 1350 1039 1417 χερῶν
1067 1350 1145 1400 ἔτι
1170 1343 1465 1416 βαστάζεις,

445 1432 536 1487 καὶ
561 1428 732 1487 ταύτὰ
758 1429 924 1485 πάλιν
949 1428 1236 1501 γράμματα
1261 1442 1479 1501 συγχεῖς

445 1517 536 1572 καὶ
564 1522 877 1588 σφραγίζεις
903 1513 1053 1580 λύεις
1078 1511 1129 1569 τ’
1160 1511 1334 1570 ὀπίσω

447 1604 653 1673 ῥίπτεις
678 1624 735 1656 τε
761 1602 909 1673 πέδω
939 1598 1181 1670 πεύκην,
1208 1596 1457 1670 θαλερὸν

446 1683 582 1741 κατὰ
611 1684 788 1755 δάκρυ
813 1686 971 1755 χέων,

446 1771 536 1826 καὶ
561 1775 674 1825 τῶν
700 1766 926 1841 άπόρων
950 1765 1181 1832 οὐδενὸς
1207 1769 1384 1831 ἐνδεῖς

444 1853 516 1926 μὴ
543 1851 610 1910 οὐ
637 1859 950 1925 μαίνεσθαι.

444 1946 502 1995 τί
530 1947 740 2001 πονεῖς;
773 1940 827 1988 τί
855 1936 984 1988 νέον
1015 1933 1137 2002 περὶ
1169 1937 1284 2006 σοι’,
1319 1939 1572 2006 βασιλεῦς

447 2026 582 2095 φέρε
606 2030 880 2079 κοίνωσον
904 2027 1092 2093 μῦθον
1116 2025 1167 2087 ἐς
1191 2018 1348 2094 ἡμᾶς.

445 2107 580 2180 πρὸς
607 2105 662 2163 δ’
694 2105 844 2178 ἄνδρ’
876 2104 1093 2177 άγαθὸν
1119 2106 1314 2162 πιστόν
1339 2129 1396 2162 τε
1423 2106 1679 2179 φράσεις·

445 2199 512 2266 σῇ
541 2192 644 2264 γάρ
670 2189 732 2264 μ’
765 2190 943 2266 ἀλόχῳ
970 2191 1091 2247 τότε
1126 2190 1454 2262 Τυνδάρεως

445 2279 645 2349 πέμπει
672 2275 887 2349 φερνὴν

446 2360 918 2434 συννυμφοκόμον
943 2385 1001 2418 τε
1027 2366 1261 2418 δίκαιον.

451 2533 704 2604 ἐγένοντο
729 2531 888 2605 Λήδα
914 2531 1171 2588 Θεστιάδι
1194 2544 1339 2600 τρεῖς
1364 2531 1656 2601 παρθένοι,

445 2622 621 2687 Φοίβη
647 2616 1107 2688 Κλυταιμνήστρα
1130 2613 1179 2671 τ’
1215 2615 1313 2689 ε’μὴ
1338 2614 1602 2686 ξυνάορος

439 2699 626 2772 Ἑλένη
652 2719 736 2755 τε·
764 2701 963 2772 ταύτης
992 2705 1048 2755 οἶ
1079 2699 1143 2756 τὰ
1168 2699 1341 2773 πρῶτ’
1372 2697 1697 2772 ὠλβισμένοι

452 2790 755 2858 μνηστῆρες
779 2777 960 2856 ἦλθον
977 2783 1230 2852 Ἑλλάδος
1255 2791 1487 2842 νεανίαι.

448 2872 628 2928 δειναὶ
652 2867 706 2926 δ’
735 2866 955 2925 ἀπειλαὶ
981 2871 1069 2925 καὶ
1098 2868 1220 2926 κατ’
1251 2867 1504 2945 ἀλλήλων
1533 2867 1704 2942 φόνος

1854 431 1907 472 25

1855 1274 1909 1317 35

1854 1697 1911 1740 40

1858 2120 1910 2163 45
