2018 3117
123 1099 214 1149 ΙΑ.

792 109 1082 155 ΜἨΔΕΙΑ

309 248 510 305 λεπτόν
534 271 591 303 τε
617 254 827 304 πεπλον
851 250 943 304 καὶ
968 248 1176 305 πλόκον
1202 249 1543 321 χρυσήλατον

307 337 504 397 παῖδας
529 335 812 404 φέροντας.
842 330 963 388 ἀλλ’
993 330 1125 387 ὅσον
1149 333 1304 403 τάχος
1326 333 1506 405 χρεῶν

307 415 512 487 κόσμον
536 422 775 487 κομίζειν
801 421 966 489 δεῦρο
992 417 1322 486 προσπόλων
1348 418 1485 473 τινα.

311 498 697 572 εὐδαιμονήσει
723 498 775 555 δ’
804 498 903 571 οὐχ
934 504 995 555 ἓν
1021 497 1158 555 ἀλλὰ
1181 508 1368 572 μυρία,

307 582 507 656 ἀνδρός
530 583 579 640 τ’
609 583 836 656 ἀρίστου
862 590 965 640 σοῦ
990 583 1216 654 τυχοῦσ’
1245 583 1546 655 ὁμευνέτου

306 670 607 740 κεκτημένη
634 692 691 724 τε
716 669 923 739 κόσμον
947 665 1012 724 ὅν
1038 666 1172 724 ποθ’
1198 666 1386 734 ’Ἡλιος

307 753 509 825 πατρὸς
535 751 709 825 πατὴρ
735 758 967 809 δίδωσιν
991 754 1300 824 ἐκγόνοισιν
1325 751 1422 819 οἷς.

304 838 541 908 λάζυσθε
567 836 773 916 Ξεονὰς
796 839 983 907 τάσδε,
1011 843 1228 908 παῖδες,
1261 844 1337 902 εἰς
1361 841 1517 911 χέρας

305 923 397 977 καὶ
426 928 490 995 τῇ
514 922 768 996 τυράννω
792 928 1033 996 μακαριά
1057 923 1252 1022 νύμφῃ
1278 922 1403 978 δότε

308 1008 594 1078 φέροντες
628 1003 781 1061 ούτοι
808 1012 959 1075 δωρα
982 1006 1197 1078 μεμπτὰ
1223 1010 1446 1074 δέξεται.

303 1096 360 1146 τί
377 1087 452 1161 δ’,
481 1114 521 1145 ω
551 1097 778 1162 ματαί,α
803 1097 980 1146 τῶνδε
1003 1073 1306 1157 σὰξκενοῖς
1330 1094 1516 1163 χέρας·
1504 1135 1517 1159 ,

306 1179 483 1240 δοκεῖς
507 1182 788 1242 σπανιζειν
814 1181 969 1246 δῶμα
989 1179 1281 1244 βασιλικὸν
1301 1179 1542 1247 πέπλων,

305 1264 484 1323 δοκεῖς
514 1260 575 1315 δὲ
596 1266 836 1331 χρυσοῦς
869 1266 1029 1329 σῶζε,
1055 1259 1128 1331 μὴ
1159 1265 1321 1317 δίδου
1345 1262 1491 1317 τάδε.

307 1352 458 1416 εἴπερ
483 1343 585 1416 γὰρ
612 1341 751 1415 ἡμᾶς
775 1341 918 1410 ἀξιοῖ
937 1345 1106 1416 λόγου
1131 1344 1278 1409 τινὸς

302 1429 470 1499 γυνή,
498 1429 766 1505 προ-«ἰήσει
797 1430 1111 1501 χρημάτων,
1138 1427 1271 1500 σάφ’
1301 1427 1409 1485 οἶδ’
1439 1433 1560 1502 ἐγώ.

117 1518 237 1571 MH
298 1512 372 1583 μή
397 1536 489 1583 μοι
514 1512 584 1567 σύ
601 1531 611 1541 ·
640 1520 861 1568 πείθειν
887 1518 1039 1583 δῶρα
1063 1516 1155 1569 καὶ
1179 1512 1350 1578 θεοὺς
1375 1515 1559 1585 λόγος’

119 2529 228 2579 ΧΟ.

299 1595 501 1669 χρυσὸς
527 1597 587 1652 δὲ
612 1603 885 1668 κρείσσων
909 1604 1126 1669 μυρίων
1149 1599 1330 1668 λόγων
1348 1606 1579 1670 βροτοῖς.

300 1686 485 1752 κείνης
502 1678 779 1761 ἑδαίμων
806 1686 980 1748 [κεῖνα
1004 1688 1113 1737 νῦν
1138 1680 1290 1749 αὔξει
1313 1684 1470 1748 θεός·

300 1767 398 1820 νέα
422 1772 730 1840 τυραννεῖΙ·
759 1772 869 1821 τῶν
898 1765 949 1822 δ’
979 1771 1126 1839 ἐμων
1150 1773 1367 1824 παίδων
1392 1767 1574 1840 φυγὰς

300 1855 496 1951 ψυχῆς*
503 1874 570 1904 αν
596 1848 973 1922 ἄλλαξαίμεθζ
1001 1850 1066 1907 ού
1089 1859 1300 1925 χρυσοῦ
1324 1853 1512 1924 μόνον.

301 1931 422 1988 ἀλλ’
452 1957 492 1988 ω
520 1933 678 2005 τέκν’,
709 1937 1022 1992 εἰσελθόντε
1047 1943 1346 2003 πλουσίους
1370 1938 1574 2009 δόμους

303 2017 505 2090 πατρὸς
528 2022 662 2075 νέαν
688 2033 950 2092 γυναῖκα,
978 2022 1235 2078 δεσπότιν
1261 2020 1313 2078 δ’
1344 2023 1496 2094 ἐμήν,

305 2101 565 2159 ἱκετεύετ’
598 2107 898 2171 ἐξαιτεῖσθε
921 2105 993 2177 μὴ
1019 2107 1250 2178 φεύγειν
1272 2108 1467 2179 χθόνα,

301 2187 505 2258 κόσμον
566 2190 804 2254 ιδόντες
831 2196 996 2246 τοῦδε
1020 2191 1123 2263 γὰρ
1143 2193 1375 2263 μάλιστα
1399 2197 1499 2263 δεῖ,

303 2277 378 2335 εἰς
401 2270 536 2344 χεῖρ’
565 2276 783 2346 ἐκείνην
814 2280 966 2346 δωρα
991 2279 1253 2343 δέξασθαι
1277 2277 1422 2332 τάδε.

303 2353 386 2410 ἴθ’
417 2353 487 2420 ὥς
512 2376 760 2427 ταχιστα
786 2363 948 2431 μητρὶ
974 2359 1026 2415 δ’
1057 2363 1135 2416 ὠν
1161 2364 1259 2434 ε’ρᾷ
1282 2370 1468 2431 τυχεῖν

303 2437 591 2511 εύαγγελοι
614 2446 872 2513 γένοισθε
897 2445 1197 2513 πράξαντες
1220 2451 1413 2509 καλως.

298 2529 406 2578 νῦν
431 2528 646 2591 ἐλπίδες
673 2525 856 2583 οὐκέτι
880 2552 972 2599 μοι
999 2535 1215 2585 παίδων
1239 2529 1375 2601 ζόας,
1549 2548 1662 2601 στρ.

300 2604 508 2664 οὐκέτι·
534 2617 803 2682 στείχουσι
826 2612 930 2683 γὰρ
957 2616 1009 2677 ἐς
1035 2614 1210 2684 φόνον
1233 2611 1355 2684 ἤδη.

301 2694 506 2755 δέξεται
530 2695 725 2766 νύμφα
748 2699 997 2767 χρυσέων
1022 2696 1347 2768 ἆναδεσμῶν

301 2778 507 2842 δέξεται
533 2779 802 2846 δύστανος
826 2779 985 2836 ἄταν·

391 2847 435 2892 ²³
626 2879 783 2924 976-
802 2881 884 2924 982
904 2898 970 2918 z
990 2880 1073 2925 983
1088 2903 1148 2911 —-
1163 2883 1247 2925 989

246 2954 396 2988 Eva.
431 2956 534 2989 vot.
570 2945 623 2988 ss.
1404 2943 1468 2994 15

1687 350 1771 394 950

1686 769 1768 813 955

1684 1191 1766 1235 960

1681 1614 1763 1657 965

1679 2036 1761 2082 970

1676 2459 1759 2503 92²,-
