2018 3117
662 629 1235 684 ΥΠΟΘΕΣΙΣ.

295 866 544 933 Ὀρέστης
562 866 659 917 τὸν
684 864 862 931 φόνον
883 867 984 916 τοῦ
1003 865 1207 931 πατρὸς
1232 867 1731 935 μεταπορευόμενος

159 955 376 1015 ἀνεῖλεν
397 965 675 1028 Αἴγισθον
699 959 791 1013 καὶ
815 957 1309 1030 Κλυταιμνήστραν
1324 976 1334 987 ·
1361 966 1734 1032 μητροκτονῆ-

156 1062 246 1099 σαι
271 1042 331 1098 δὲ
355 1041 638 1113 τολμήσας,
664 1048 990 1115 παραχρῆμα
1014 1041 1115 1114 τὴν
1142 1046 1303 1113 δίκην
1332 1047 1538 1099 ἔδωκεν
1563 1047 1733 1115 ἐμμα-

157 1124 252 1197 νὴς
279 1125 587 1197 γενόμενος.
639 1126 932 1200 Τυνδάρεω
959 1126 1020 1181 δὲ
1045 1132 1142 1182 τοῦ
1173 1124 1374 1197 πατρὸς
1406 1133 1499 1198 τῆς
1524 1125 1732 1201 ἀνῃρη-

154 1213 320 1282 μένης
358 1210 826 1282 κατηγορήσαντος
871 1207 989 1265 κατ’
1029 1207 1202 1266 αὐτοῦ
1274 1216 1500 1281 ἔμελλον
1538 1210 1779 1283 κοινὴνό

150 1293 380 1367 Ἀργεῖοι
414 1299 602 1365 ψῆφον
637 1295 970 1367 ἐκφέρεσθαι
1005 1296 1130 1365 περὶ
1165 1299 1262 1348 τοῦ
1300 1301 1357 1349 τί
1399 1300 1488 1350 δεῖ
1527 1304 1730 1351 παθεῖν

154 1377 249 1434 τὸν
294 1375 659 1449 άσεβήσαντα·
707 1377 843 1433 κατὰ
887 1377 1056 1449 τύχην
1102 1377 1162 1432 δὲ
1208 1380 1494 1442 Μενέλαος
1539 1383 1597 1434 ἐκ
1638 1385 1732 1450 τῆς

152 1462 358 1533 πλάνης
382 1459 745 1533 ὑποστρέψας,
761 1460 960 1525 νυκτὸς
984 1462 1084 1532 μὲν
1101 1459 1323 1532 Ἑλένην
1349 1464 1728 1532 είσαπέστειλε,

150 1543 280 1617 μεθ’
308 1543 516 1618 ἡμέραν
542 1546 602 1600 δὲ
627 1543 790 1610 αὐτὸς
817 1539 974 1616 ἦλθε.
1008 1547 1099 1600 καὶ
1123 1546 1604 1617 παρακαλούμενος
1626 1544 1724 1602 ὑπ’

105 1639 107 1641 ’
144 1628 400 1702 Ὀρέστου
445 1636 717 1700 βοηθῆσαι
773 1627 950 1703 αὐτῷ,
999 1627 1349 1700 ἀντιλέγοντα
1401 1631 1798 1703 ΤυνδάρεωνΙΟ

149 1720 356 1786 μᾶλλον
372 1711 683 1785 ηὐλαβήθη,
709 1716 1020 1784 λεχθέντων
1044 1714 1104 1768 δὲ
1127 1713 1305 1784 λόγων
1322 1717 1381 1769 ἐν
1406 1727 1517 1778 τοῖς
1532 1711 1726 1786 ὄχλοις,

149 1800 422 1869 ἐπηνέχθη
440 1795 499 1853 τὸ
526 1791 736 1869 πλῆθος
754 1796 1098 1854 ἀποκτείνειν
1116 1795 1388 1870 Ὀρέστην.
1415 1801 1440 1832 *
1455 1801 1480 1831 *
1494 1801 1519 1831 *
1543 1797 1730 1855 συνών

150 1883 211 1937 δὲ
243 1881 455 1946 τούτοις
491 1879 518 1937 ὁ
553 1882 814 1953 Πυλάδης
848 1879 875 1938 ὁ
914 1889 1072 1952 φίλος
1108 1880 1281 1937 αὐτοῦ
1325 1881 1729 1953 συνεβούλευσε

149 1971 367 2038 πρῶτον
390 1966 686 2022 Μενελάου
710 1972 978 2037 τιμωρίαν
1011 1971 1198 2035 λαβεῖν
1227 1963 1448 2037 Ἑλένην
1472 1963 1722 2022 ἆποκτείη

148 2073 364 2114 ναντας.
403 2047 560 2106 αὐτοὶ
584 2051 684 2121 μὲν
720 2043 824 2106 οὖν
848 2052 937 2105 ἐπὶ
970 2048 1182 2114 τούτοις
1217 2050 1472 2115 ἐλθόντες
1504 2051 1796 2117 διεψεύ-15

149 2143 365 2204 σθησαν
398 2140 491 2204 τῆς
534 2139 750 2199 ἐλπίδος
784 2140 938 2191 θεῶν
960 2132 1061 2204 τὴν
1081 2131 1304 2205 Ἑλένην
1337 2131 1726 2206 ἁρπασάντων·

143 2216 401 2289 Ἠλέκτρα
431 2219 492 2274 δὲ
512 2216 801 2290 Ἑρμιόνην
832 2222 1192 2290 ἐπιφανεῖσαν
1217 2223 1422 2274 ἔδωκεν
1449 2224 1524 2283 εἰς
1545 2233 1729 2291 χεῖρας

148 2299 361 2366 αὐτοῖς·
409 2296 459 2357 οἳ
504 2303 565 2359 δὲ
598 2302 802 2374 ταύτην
839 2301 1100 2374 φονεύειν
1145 2308 1388 2374 ἔμελλον.
1442 2305 1728 2372 ἐπιφανεὶς

149 2385 210 2440 δὲ
251 2388 538 2451 Μενέλαος
581 2389 674 2442 καὶ
708 2388 927 2458 βλέπων
964 2384 1162 2442 ἑαυτὸν
1198 2383 1306 2456 ἅμα
1341 2385 1603 2458 γυναικὸς
1636 2388 1728 2442 καὶ

148 2471 344 2525 τέκνου
370 2471 733 2542 στερούμενον
768 2468 866 2526 ὑπ’
895 2468 1107 2539 αὐτῶν,
1142 2469 1432 2540 ἐπεβάλετο
1466 2468 1531 2524 τὰ
1567 2476 1794 2541 βασί-20

149 2560 266 2608 λεια
299 2562 555 2624 πορθεῖν·
591 2551 643 2610 οἳ
678 2555 738 2611 δὲ
776 2554 1087 2626 φθάσαντες
1121 2549 1368 2624 ὑφάψειν
1402 2550 1722 2625 ἠπείλησαν.

148 2639 430 2707 ἐπιφανεὶς
456 2638 516 2693 δὲ
538 2635 816 2694 Ἀπόλλων
843 2636 1064 2708 Ἑλένην
1087 2636 1187 2707 μὲν
1222 2642 1426 2708 ἔφησεν
1453 2643 1529 2702 είς
1556 2636 1726 2702 θεοὺς

150 2725 508 2792 διακομίζειν,
551 2719 773 2796 Ὀρέστῃ
819 2723 880 2778 δὲ
917 2719 1207 2792 Ἑρμιόνην
1253 2723 1470 2788 ἐπέταξε
1515 2728 1723 2792 λαβεῖν,

149 2805 380 2876 Πυλάδῃ
408 2805 469 2860 δὲ
487 2803 780 2877 Ἠλέκτρα-ν
803 2811 1138 2875 συνοικίσαι,
1174 2808 1515 2878 καθαρθέντι
1543 2806 1602 2861 δὲ
1626 2810 1725 2860 τοῦ

151 2887 329 2957 φόνου
343 2886 578 2960 ’Ἀργους
605 2887 806 2961 ἄρχειν.
1322 2966 1386 3017 16
1400 2968 1422 2996 *
1738 2901 1790 2945 25
