2018 3117
255 99 355 151 2323

260 841 352 891 [A.

253 1011 351 1059 IA.

252 1095 390 1144 MH.

259 1180 350 1228 [A.

261 1265 390 1317 MH.

261 1351 349 1400 [A.

261 1521 348 1569 [A.

250 1605 388 1654 :MH.

249 1690 348 1739 IA.

252 1774 388 1824 MH.

249 1860 347 1908 IA.

251 1945 387 1995 ΜΗ.

251 2030 348 2079 IA.

250 2114 386 2165 MH.

252 2200 347 2250 IA.

254 2284 377 2335 MH

0 2393 474 2569 σαιωψω

950 100 1114 146 MHA
1121 101 1237 145 ΕΙΑ

447 243 517 298 σύ
547 239 598 297 δ’
630 238 733 296 οὐκ
759 245 978 310 ἔμελλες
1002 236 1128 311 τᾶμ’
1158 236 1420 310 ἀτιμάσας
1443 241 1570 310 λέχη

448 324 685 396 τερπνὸν
717 323 924 391 διάξειν
948 331 1140 396 βιότον
1165 327 1405 395 ἐγγελῶν
1430 327 1566 395 ε’μοί,
1811 337 1919 381 1355

449 410 582 468 οὐδ’
608 407 639 481 ἡ
670 409 943 480 τύραννος
980 406 1113 464 οὐδ’
1139 405 1167 464 ὁ
1191 410 1279 463 σοὶ
1306 411 1569 480 προσθεὶς
1593 407 1803 479 γάμους

450 496 645 564 Κρέων
671 492 830 570 ἀνατὶ
853 495 1022 565 τῆσδέ
1041 491 1099 564 μ’
1129 497 1385 564 ἐκβαλεῖν
1411 493 1630 562 χθονός.

447 578 583 651 πρὸς
606 585 779 635 ταῦτα
809 580 902 633 καὶ
925 581 1180 647 λεάιναν,
1215 583 1265 633 εί
1286 577 1509 650 βούλει,
1538 577 1692 632 κάλει

445 687 537 720 και
562 664 826 719 Σκύλλαν
852 660 887 734 ἢ
918 665 1208 734 Τυρσηνὸν
1234 661 1488 738 φ’κησεν
1474 664 1666 717 πέδον·

450 755 544 819 τῆς
568 755 666 821 σῆς
691 747 795 820 γὰρ
823 772 896 813 ως
917 746 1019 820 χρὴ
1046 753 1276 819 καρδίας
1303 745 1644 825 o'cvssqg'ciffinv
1810 759 1922 803 1360

442 831 618 907 καύτή
643 857 705 905 γε
734 841 903 889 λυπει
923 835 1014 888 καὶ
1044 839 1231 890 κακῶν
1256 830 1522 896 κοινωνὸς
1548 839 1610 886 εἰ.

440 916 574 990 σάφ’
606 928 753 974 ἴσθι·
781 918 902 974 λύει
932 917 983 974 δ’
1014 916 1201 989 άλγος,
1238 913 1305 990 ἢν
1330 916 1399 973 σὺ
1436 915 1508 989 μὴ
1540 913 1772 990 ’γγελᾷς.

444 1027 484 1059 ω
512 1006 675 1060 τέκνα
691 1003 936 1075 ,μητρὸς
963 1015 1034 1068 ως
1058 1027 1229 1072 κακης
1255 1003 1537 1074 ἐκύρσατε.

447 1091 486 1144 ὠ
514 1094 705 1154 παῖδες
721 1133 734 1159 ,
764 1101 835 1153 ως
865 1086 1079 1144 ω’λεσθε
1104 1090 1330 1162 πατρῴα
1354 1090 1519 1162 νόσῳ.

442 1196 596 1230 ουτοι
623 1198 730 1229 νυν
756 1171 865 1245 ἡμη
897 1173 1047 1240 δεξιά
1073 1171 1169 1244 σφ’
1200 1170 1501 1228 απωλεσεν.
1810 1183 1921 1229 1365

443 1256 564 1314 ἀλλ’
597 1256 758 1330 ὕβρις
785 1264 919 1314 οἵτε
947 1260 1033 1314 σοὶ
1057 1263 1352 1357 νεοδμῆτες
1377 1259 1555 1330 γάμοι.

440 1346 633 1414 λέχους
657 1345 767 1414 σφέ
787 1341 839 1415 γ’
870 1341 1102 1415 ἠξίωσας
1134 1345 1319 1397 είνεκα
1357 1356 1607 1409 κτανεῖν;

441 1427 675 1500 σμικρὸν
698 1431 924 1500 γυναικὶ
948 1433 1100 1500 πῆμα
1126 1426 1274 1484 τοῦτ’
1306 1428 1447 1498 εἶναι
1473 1433 1679 1493 δοκεῖς·
1667 1471 1680 1494 ,

439 1511 556 1586 ἥτις
581 1537 642 1585 γε
667 1513 938 1585 σώφρων·
968 1515 1055 1569 σοι
1079 1514 1139 1569 65
1167 1511 1328 1569 πάντ’
1358 1515 1504 1569 ἐστὶν
1530 1513 1685 1568 κακά.

438 1597 543 1655 οῖ”δ
573 1596 756 1655 οὐκε”τ
788 1605 918 1654 εἰσί·
948 1604 1108 1654 τοῦτο
1133 1597 1236 1669 γάρ
1264 1618 1324 1654 σε
1349 1599 1584 1671 δήξεται.
1804 1604 1937 1654 1370

437 1681 545 1739 οἵδ’
577 1686 717 1739 εἰσὶν
743 1681 880 1754 ὠμοὶ
904 1691 980 1757 σῷ
1006 1683 1149 1757 κάρᾳ
1173 1682 1478 1755 μιάστορες.

442 1778 626 1825 ἴσασιν
652 1766 799 1833 ὅστις
828 1761 955 1840 ἦρξε
981 1774 1228 1840 πημονῆς
1252 1775 1395 1824 θεοί.

438 1862 586 1910 ι”σασι
611 1859 747 1926 δῆτα
773 1853 876 1926 σήν
902 1852 956 1924 γ’
991 1850 1342 1909 ἀπόπτυστον
1367 1854 1561 1925 φρένα.

438 1952 653 2010 στυγεῖ·
684 1937 889 2011 πικρὰν
915 1939 976 1994 δε
1000 1939 1159 2010 βάξιν
1184 1942 1426 2009 ἐχθαίρω
1452 1939 1636 1993 σέθεν.

438 2024 530 2079 καὶ
557 2023 667 2095 μὴν
695 2023 800 2095 ἐγὼ
827 2023 954 2095 σήν·
985 2024 1164 2098 ῥάδιοι
1193 2021 1244 2079 δ’
1278 2021 1606 2094 απαλλαγαί.
1805 2033 1911 2078 1375

440 2114 555 2173 πῶς
580 2110 714 2174 ούν;
742 2115 798 2164 τί
818 2109 1033 2208 δράσω;
1059 2108 1231 2178 κάρτα
1256 2132 1360 2180 γαρ
1386 2106 1536 2178 κάγώ
1562 2108 1728 2162 θέλω.

436 2192 615 2259 θάψαι
639 2193 872 2264 νεκρούς
897 2216 989 2264 μοι
1012 2193 1210 2249 τούσδε
1237 2197 1329 2248 καὶ
1359 2199 1594 2249 κλαῦσαι
1619 2189 1803 2263 πάρες.

440 2275 508 2334 οὐ
533 2276 674 2349 δῆτ’,
707 2280 824 2334 ἐπεὶ
855 2284 998 2349 σφᾶς
1021 2275 1140 2350 τῇδ’
1178 2277 1281 2349 ἐγώ
1308 2278 1473 2343 θάψω
1499 2283 1634 2350 χερί,

440 2360 669 2434 φέρουσ’
699 2365 751 2429 ἐς
771 2359 942 2434 Ἥρας
966 2364 1187 2433 τέμενος
1208 2361 1461 2433 Ἀκραίας
1485 2369 1645 2433 θεοῦ,

438 2471 510 2513 ως
532 2447 606 2519 μή
630 2472 709 2513 τις
734 2444 936 2513 αὐτοὺς
963 2436 1239 2518 ποἻῖμίων
1264 2453 1600 2520 καθυβρίσῃ,
1799 2460 1906 2506 1380

439 2532 684 2604 τύμβους
708 2531 997 2589 ἀνασπῶν·
1028 2539 1096 2604 γῇ
1121 2533 1181 2588 δε
1205 2538 1335 2604 τῆδε
1360 2532 1625 2603 Σισύφου

438 2615 647 2689 σεμνὴν
673 2616 867 2690 ἑορτὴν
891 2619 984 2673 καὶ
1009 2619 1172 2693 τέλη
1159 2617 1514 2689 προσάψομεν

436 2701 494 2757 τὸ
528 2701 722 2758 λοιπὸν
748 2700 870 2757 ἀντὶ
895 2707 1057 2758 τοῦδε
1083 2707 1390 2773 δυσσεβοῦς
1416 2701 1612 2774 φόνου.

436 2784 574 2859 αὐτὴ
601 2786 661 2842 δὲ
685 2799 848 2858 γαῖαν
874 2786 982 2858 εἶμι
1005 2785 1105 2859 τὴν
1124 2783 1438 2858 Ἐρεχθέως,
