2018 3117
248 106 351 156 414

253 255 363 303 ET.

260 2549 369 2598 XO.

259 2720 350 2768 10.

865 104 1240 150 ΦΟΙΝΙΣΣΑΙ

436 252 486 302 εἰ
521 251 651 300 πᾶσι
689 243 854 299 ταύτὸ
896 241 1068 298 καλὸν
1092 249 1200 314 ἔφυ
1225 244 1405 315 σοφόν
1431 243 1492 299 θ’
1522 243 1648 316 ἅμα,

443 329 545 387 οὐκ
573 321 644 400 ἦν
668 324 737 384 ἂν
762 326 1096 399 ἀμφίλεκτος
1120 325 1443 400 ἀνθρώποις
1467 334 1580 400 ἔρις
1596 349 1607 358 ·
1831 347 1914 389 500

444 421 550 469 νῦν
580 411 633 468 δ’
663 409 798 468 οὔθ’
826 409 1020 483 ὅμοιον
1045 409 1214 468 οὐδὲν
1238 410 1359 468 οὔτ’
1389 421 1511 468 ἴσον
1534 420 1767 487 βροτοῖς,

440 497 585 570 πλὴν
612 495 905 569 ὀνόμασιν,
931 496 990 553 τὸ
1023 494 1076 552 δ’
1106 504 1271 569 ἔργον
1296 494 1400 553 οὐκ
1425 503 1573 554 ἔστιν
1597 499 1740 555 τόδε.

440 581 545 656 ἐγώ
572 581 675 654 γὰρ
704 580 899 654 οὐδέν,
925 588 1094 654 μῆτερ
1111 626 1124 653 ,
1152 579 1477 654 ἀποκρύψας
1501 586 1608 656 ἐρῶ
1627 602 1639 613 ·

443 666 662 737 ἄστρων
687 664 756 723 ἂν
783 665 1002 739 ἔλθοιμ’
1037 664 1197 738 ἡλίου
1224 666 1360 738 πρὸς
1385 664 1618 732 ἀντολὰς

441 755 533 809 καὶ
569 759 666 822 γῆς
710 757 906 822 ἔνερθε
944 751 1180 818 δυνατὸς
1208 748 1287 807 cb'v
1313 758 1511 825 δρᾶσαι
1538 754 1685 824 τάδε,
1830 771 1914 811 505

444 837 545 907 τὴν
569 845 723 894 θεῶν
749 844 1012 909 μεγίστην
1038 835 1167 893 ὥστ’
1197 844 1341 908 ἔχειν
1370 843 1692 910 τυραννίδα.

447 921 600 979 τοῦτ’
629 916 732 979 οὖν
757 921 817 979 τὸ
841 923 1106 995 χρηστόν,
1133 929 1331 995 μῆτερ,
1363 920 1485 994 οὐχὶ
1509 924 1782 996 βούλομαι
1834 983 1836 985 ,

440 1006 587 1081 ἄλλῳ
609 1021 865 1081 παρεῖναι
889 1014 1097 1079 μᾶλλον
1124 1004 1157 1079 ἦ
1181 1007 1372 1076 σώζειν
1397 1011 1540 1079 ἐμοί·

441 1092 713 1164 ἀνανδρία
744 1094 875 1164 γάρ,
907 1092 966 1148 τὸ
994 1096 1160 1148 πλεόν
1189 1090 1336 1157 ὅστις
1362 1089 1630 1159 ἀπολέσας

442 1176 750 1235 τοῦλασσον
775 1185 952 1250 ἔλαβε.
982 1175 1120 1250 πρὸς
1145 1178 1207 1234 δὲ
1234 1174 1410 1233 τοῖσδ’
1441 1179 1782 1250 αἰσχύνομαι,
1831 1195 1915 1236 510

442 1263 677 1320 ἐλθόντα
704 1263 811 1319 σὺν
835 1260 1024 1327 ὅπλοις
1049 1262 1210 1319 τόνδε
1236 1264 1327 1319 καὶ
1353 1270 1678 1335 πορθοῦντα
1702 1270 1808 1337 γῆν

441 1363 626 1420 τυχεῖν
658 1346 692 1403 οἳ
715 1348 923 1422 χρῄζει·
970 1355 1060 1403 καὶ
1091 1347 1194 1420 γὰρ
1222 1344 1290 1404 ἂν
1317 1347 1523 1420 Θήβαις
1547 1349 1673 1405 τόδε

443 1431 646 1507 γένοιτ’
677 1431 917 1503 ὄνειδος,
948 1438 998 1489 εἰ
1018 1440 1360 1505 Μυκηναίου
1387 1433 1552 1505 δορὸς

442 1519 600 1595 φόβῳ
626 1525 861 1591 παρείην
886 1524 1135 1590 σκῆπτρα
1162 1517 1302 1590 τᾶμα
1327 1516 1459 1593 τῷδ’
1491 1526 1652 1591 ἔχειν.

443 1611 582 1676 χρῆν
607 1602 659 1660 δ’
694 1602 868 1660 αὐτὸν
893 1602 994 1674 οὐχ
1020 1600 1238 1660 ὅπλοισι
1264 1602 1357 1669 τὰς
1384 1604 1697 1676 διαλλαγάς.
1830 1620 1914 1662 515

444 1697 611 1762 μῆτερ
629 1734 642 1760 ,
671 1699 977 1747 ποιεῖσθαι·
1007 1695 1117 1745 πᾶν
1141 1688 1246 1762 γὰρ
1275 1692 1480 1760 ἐξαιρεῖ
1502 1689 1661 1762 λόγος

441 1773 470 1832 ὃ
494 1777 586 1830 καὶ
609 1781 834 1847 σίδηρος
858 1780 1136 1845 πολεμίων
1162 1774 1416 1847 δράσειεν
1442 1771 1525 1829 ἅν.

443 1858 563 1917 ἀλλ’
599 1867 649 1917 εἰ
669 1862 771 1933 μὲν
797 1858 973 1926 ἄλλως
997 1859 1164 1931 τήνδε
1190 1866 1293 1931 γῆν
1321 1865 1495 1915 οἰκεῖν
1521 1861 1694 1931 θέλει,

446 1945 613 2013 ἔξεστ’
633 1967 643 1976 ·
676 1950 854 2002 ἐκεῖνο
881 1951 913 2001 δ
920 1943 933 1963 '
964 1942 1065 2015 οὐχ
1089 1944 1231 2001 ἑκών
1247 1945 1585 2017 μαθήσομαι,

445 2029 633 2103 ἄρχειν
660 2030 839 2102 παρόν
864 2054 982 2102 μοι,
1009 2035 1151 2105 τῷδε
1182 2035 1489 2086 δουλεῦσαί
1510 2053 1656 2087 ποτε.
1831 2043 1914 2085 520

444 2115 580 2186 πρὸς
604 2114 759 2172 ταῦτ’
791 2125 886 2171 ι”τω
912 2115 1013 2186 μὲν
1037 2121 1177 2189 πῦρ,
1206 2124 1301 2171 ἴτω
1328 2115 1390 2171 δὲ
1415 2114 1688 2187 φάσγανα,

443 2202 751 2272 ζεύγνυσθε
779 2206 809 2256 δ
819 2198 831 2219 '
866 2205 1089 2270 ἵππους,
1121 2205 1286 2256 πεδία
1320 2198 1596 2271 πίμπλαθ’
1637 2197 1913 2273 ἁρμάτων,

445 2283 517 2351 ὡς
548 2284 614 2342 οὐ
643 2285 869 2359 παρήσω
901 2283 1031 2359 τῷδ’
1063 2284 1199 2357 ἐμὴν
1223 2289 1544 2357 τυραννίδα.

447 2381 598 2445 εἴπερ
625 2370 730 2443 γὰρ
757 2368 971 2426 ἀδικεῖν
994 2371 1122 2443 χρή,
1148 2374 1479 2441 τυραννίδος
1507 2372 1632 2443 πέρι

445 2457 736 2513 κάλλιστον
762 2453 1003 2527 ἀδικεῖν,
1032 2453 1200 2510 τᾶλλα
1227 2459 1258 2509 δ
1267 2452 1279 2472 '
1313 2451 1564 2526 εὐσεβεῖν
1587 2454 1781 2528 χρεών.
1829 2469 1914 2510 525

438 2539 541 2597 οὐκ
569 2535 633 2597 εὖ
657 2544 840 2613 λέγειν
861 2539 964 2612 χρὴ
989 2540 1061 2612 μὴ
1083 2538 1165 2596 ’πὶ
1190 2553 1298 2605 τοῖς
1323 2546 1503 2611 ἔργοις
1528 2548 1731 2611 καλοῖς,

444 2624 511 2682 οὐ
536 2626 639 2698 γὰρ
666 2626 838 2683 καλὸν
861 2624 1033 2697 τοῦτ’,
1061 2623 1199 2681 ἄλλα
1224 2631 1290 2698 τῇ
1315 2630 1442 2697 δίκῃ
1469 2625 1685 2699 πικρόν.

443 2705 486 2767 cg
513 2714 738 2782 τέκνον,
767 2708 869 2783 οὐχ
892 2709 1106 2766 ἅπαντα
1135 2717 1208 2785 τῷ
1235 2709 1377 2785 γήρᾳ
1406 2710 1564 2782 κακά,

440 2795 770 2867 Ἐτεόκλεες,
798 2795 1120 2868 πρόσεστιν·
1151 2793 1272 2851 ἀλλ’
1302 2793 1563 2868 «ἡμπειρία

444 2888 552 2953 ἔχει
580 2907 630 2938 τι
655 2884 802 2948 λέξαι
825 2887 936 2937 τῶν
965 2883 1108 2937 νέων
1132 2880 1466 2953 σοφώτερον.
1830 2891 1915 2935 530
