2018 3117
456 104 832 151 ΙΦΙΓΕΝΕΙΑ
868 102 920 147 Η
956 101 1054 147 ΕΝ
1086 99 1342 144 ΑΤΛΙΔΙ
1695 92 1728 143 5

279 240 570 312 ξυνίσταθ’
590 285 605 313 ,
633 239 778 306 ὅστις
802 238 874 311 μὴ
900 239 1059 310 λάβοι
1083 237 1186 308 τὴν
1212 237 1515 309 παρθένον.

278 327 338 384 τὸ
364 333 586 399 πρᾶγμα
611 324 662 382 δ’
695 323 914 396 ἀπόρως
941 323 1048 393 εἶχε
1084 320 1383 394 Τυνδάρεῳ
1409 325 1590 393 πατρί’,
1679 334 1734 377 55

280 417 484 468 δοῦναί
502 435 560 467 τε
584 410 655 482 μὴ
682 413 885 465 δοῦναί
903 430 988 478 τε,
1013 413 1106 477 τῆς
1133 405 1297 476 τύχης
1326 402 1473 470 ὅπως

281 493 471 564 ἅψαιτ’
502 494 807 567 άθραυστα.
834 497 931 547 καί
949 516 1040 548 νιν
1067 496 1326 560 εἰσῆλθεν
1350 488 1498 559 τάδε,

283 579 481 653 ὅρκους
506 578 748 644 συνάψαι
774 575 953 642 δεξιάς
975 598 1032 631 τε
1056 581 1360 646 συμβαλεῖν

279 670 591 736 μνηστῆρας
615 660 898 733 ἀλλήλοισι
920 662 1011 716 καὶ
1038 654 1111 714 δι’
1140 658 1403 729 ἐμπύρων

281 747 520 813 σπονδὰς
545 756 805 802 καθεῖναι
830 742 1255 817 κάπαράσασθαι
1281 741 1428 809 τάδε,
1685 752 1740 796 50

284 832 414 890 ὅτου
440 830 580 904 γυνὴ
606 832 819 902 γένοιτο
852 829 1126 899 Τυνδαρὶς
1151 826 1306 901 κόρη,

284 917 460 992 τούτῳ
486 927 859 987 συναμυνεῖν,
888 922 1038 977 εἴτις
1063 914 1121 967 ἐκ
1147 911 1335 983 δόμων
1359 906 1548 980 λαβών

284 1011 484 1073 οἴχοιτο
508 999 605 1057 τόν
628 997 677 1055 τ’
708 995 883 1069 ἔχοντ’
912 995 1167 1067 ἀπωθοίη
1193 999 1401 1067 λέχους,

284 1084 772 1159 κάπιστρατεύσειν
796 1085 887 1139 καὶ
911 1080 1283 1146 κατασκάψειν
1308 1078 1470 1135 πόλιν

288 1168 494 1242 Ελλην’
523 1168 725 1242 ὁμοίως
750 1166 1034 1240 βάρβαρόν
1058 1164 1120 1221 θ’
1151 1163 1340 1222 ὅπλων
1364 1164 1512 1235 με’τα.
1687 1174 1740 1218 65

286 1257 402 1312 ἐπεὶ
428 1252 480 1310 δ’
509 1251 893 1322 ἐπιστώθησαν
918 1253 1188 1323 ἐμπέδως,
1215 1252 1394 1321 γέρων

289 1338 543 1412 ὑπῆλθεν
566 1334 769 1400 αὐτοὺς
803 1337 1131 1408 Τυνδάρεως
1155 1339 1339 1406 πυκνῇ
1366 1337 1548 1404 φρενί,

288 1422 479 1488 διδοὺς
505 1425 728 1480 ἑλέσθαι
754 1422 996 1493 θυγατρὶ
1019 1418 1350 1491 μνηστήρων
1376 1419 1491 1485 ἕνα,

287 1507 417 1566 ὅτου
444 1510 609 1563 πνοαὶ
633 1507 858 1578 φέροιεν
878 1502 1203 1577 Ἀφροδίτης
1229 1508 1403 1573 φίλαι.

289 1589 322 1666 ἢ
350 1590 400 1648 δ’
433 1589 629 1661 εἵλεθ’,
657 1586 715 1653 ὅς
741 1605 847 1659 σφε
870 1586 1066 1661 μήποτ’
1098 1586 1314 1658 ὤφελεν
1339 1591 1547 1655 λαβεῖν,
1690 1596 1745 1639 70

288 1679 597 1734 ιΜενέλαον.
626 1670 810 1731 ε’λθων
836 1671 888 1728 δ’
918 1678 976 1730 ἐκ
1006 1678 1248 1745 Φρυγῶν
1276 1666 1303 1726 ὁ
1333 1668 1425 1733 τὰς
1449 1666 1585 1734 θεὰς

290 1768 499 1834 κρίνων
525 1757 633 1830 ὅδ’,
662 1755 733 1822 ὧς
760 1754 787 1811 ὁ
813 1764 994 1829 μῦθος
1012 1755 1279 1828 Ἀργείων
1304 1760 1429 1824 ἔχει,

289 1842 683 1916 Λακεδαίμον’,
712 1839 959 1915 ἀνθηρὸς
981 1842 1082 1913 μὲν
1110 1839 1346 1912 εἱμάτων
1370 1844 1534 1909 στολῇ

289 1936 474 2006 χρυσῷ
500 1953 556 1986 τε
582 1925 827 2000 λαμπρὸς
851 1926 1113 2000 βαρβάρῳ
1138 1922 1443 1996 χλιδήματι,

290 2019 432 2086 ἐρῶν
459 2019 670 2085 ἐρῶσαν
696 2007 851 2089 ᾤχετ’
881 2011 1252 2084 ἐξαναρπάσας
1699 2018 1752 2063 75

286 2098 508 2172 Ἑλένην
532 2098 667 2172 πρὸς
684 2100 832 2167 Ἴδης
856 2093 1189 2169 βούσταθμ’,
1218 2098 1457 2164 ἔκδημον
1481 2088 1667 2163 λαβὼν

292 2187 613 2241 Μενέλαον·
642 2180 670 2241 ὃ
699 2181 760 2241 δὲ
784 2180 918 2237 καθ’
942 2178 1157 2236 Ἑλλάδ’
1198 2178 1486 2250 οἰστρήσας
1513 2174 1700 2250 δρόμῳ

293 2266 493 2341 ὅρκους
517 2266 783 2330 παλαιοὺς
815 2266 1111 2336 Τυνδάρεω
1137 2262 1487 2336 μαρτύρεται,

296 2351 366 2419 ὦς
388 2353 490 2424 χρὴ
516 2361 750 2425 βοηθεῖν
776 2364 950 2407 τοῖσιν
974 2348 1340 2422 ἠδικημένοις.

295 2435 636 2494 τούντεῦθεν
651 2431 755 2493 οὖν
776 2431 1033 2506 Ἕλληνες
1059 2431 1281 2508 ᾄξαντες
1305 2437 1445 2504 δορί,
1699 2440 1757 2482 80

296 2523 456 2595 τεύχη
482 2521 745 2594 λαβόντες
768 2516 1060 2592 στενόπορ’
1088 2515 1335 2581 Αὐλίδος
1359 2515 1545 2587 βάθρα

297 2605 492 2678 ἥκουσι
517 2611 709 2678 τῆσδε,
737 2607 938 2662 ναυσὶν
963 2602 1190 2660 ἀσπίσιν
1215 2599 1277 2657 θ’
1307 2598 1449 2672 ὁμοῦ

297 2697 480 2756 ἵπποις
504 2714 562 2747 τε
587 2697 809 2754 πολλοῖς
835 2685 1074 2759 ἅρμασίν
1097 2685 1146 2743 τ’
1175 2682 1489 2758 ἠσκημένοι.

299 2774 435 2847 κάμὲ
460 2787 785 2846 στρατηγεῖν
834 2778 970 2847 δῆτα
1009 2774 1273 2828 Μενέλεω
1300 2769 1461 2840 χάριν

302 2863 536 2927 εἴλοντο,
562 2857 841 2930 σύγγονόν
862 2879 943 2930 γε.
972 2855 1212 2926 τάξίωμα
1238 2854 1298 2909 δὲ
1700 2863 1758 2907 85
