2018 3117
109 2427 217 2477 XO.

106 2595 199 2643 [Φ.

100 2762 219 2810 XO.

482 87 859 134 ΙΦΙΓΕΝΕΙΑ
894 87 952 132 Η
978 86 1075 132 ΕΝ
1112 84 1362 130 AYAIAI

282 224 569 301 ’Ἄρτεμιν
599 233 694 282 ἴτω
722 226 1102 288 δὲΔαναΐδαις
1132 220 1392 294 εὐφημία.

295 318 436 367 κανᾶ
461 308 515 366 δ’
546 311 861 382 ἐναρχέσθω
886 332 993 379 τις,
1021 309 1271 364 αἰθέσθω
1299 308 1360 364 δὲ
1385 313 1496 374 πῦρ

296 394 590 468 προχύταις
614 399 991 467 καθαρσίοισι,
1019 394 1111 447 καὶ
1136 390 1311 464 πατὴρ
1339 390 1464 463 ε’μός

296 478 668 546 ἐνδεξιούσθω
694 477 909 550 βωμόν·
941 473 1013 541 ὧς
1040 482 1316 549 σωτηρίαν

281 561 506 635 ’Ἕλλησι
533 559 776 619 δώσουσ’
808 569 1031 635 ἔρχομαι
1056 560 1385 633 νικηφόρον.

295 646 454 721 ἄγετέ
476 670 541 719 με
566 646 667 703 τὰν
694 643 858 703 Ἰλίου
1446 663 1560 719 στρ.

295 735 387 788 καὶ
413 737 654 805 Φρυγῶν
680 732 976 787 ἑλέπτολιν.

295 819 496 888 στέφεα
521 821 786 889 περίβολα
811 820 1018 885 δίδοτε,
1047 815 1215 886 φέρε-

294 924 352 957 τε
370 920 381 930 ·
410 899 685 971 πλόκαμος
711 897 806 956 ὅδε
831 901 1193 970 καταστέφειν

294 991 570 1058 χερνίβων
594 1008 658 1056 γε
683 998 897 1056 παγαῖς.

294 1067 524 1127 ἑλίσσετ’
555 1066 696 1141 ἀμφὶ
719 1068 857 1125 ναὸν
883 1065 1023 1141 ἀμφὶ
1049 1067 1239 1140 βωμὸν

292 1153 393 1210 τὰν
430 1152 675 1209 ἄνασσαν
695 1151 972 1226 ’Ἀρτεμιν,

291 1237 434 1294 θεὰν
459 1238 758 1310 μάκαιραν·
789 1236 859 1303 ὡς
886 1242 1124 1311 ἐμοῖσιν,
1153 1246 1202 1296 εἰ
1221 1238 1416 1311 χρεών,

296 1327 484 1394 αἵμασι
509 1322 756 1393 θύμασίν
776 1347 832 1378 τε

297 1405 532 1478 θέσφατ’
562 1410 842 1474 ἐξαλείψω.

294 1484 338 1547 ὦ
363 1491 558 1547 πότνια
583 1490 780 1546 πότνια
804 1497 971 1564 μᾶτερ
988 1536 1001 1563 ,
1035 1490 1106 1557 ὠς
1132 1491 1346 1565 δάκρυά
1372 1492 1438 1563 γε’
1458 1508 1542 1547 σοι

293 1574 544 1646 δώσομεν
569 1573 801 1647 ἁμέτερα
817 1594 828 1605 ·

291 1657 422 1732 παρ’
453 1664 620 1731 ἱεροῖς
644 1658 747 1732 γὰρ
776 1657 842 1715 οὐ
869 1662 1080 1731 πρέπει.

293 1742 356 1800 ἰώ
386 1743 448 1798 ίώ
474 1743 741 1813 νεάνιδες,

292 1826 679 1884 συνεπαείδετ’
702 1826 965 1903 ’Ἄρτεμιν

291 1918 567 1978 Χαλκίδος
594 1910 911 1986 ἀντίπορον,

291 2002 382 2053 ἵνα
407 2021 464 2053 τε
491 1996 694 2069 δόρατα
720 2000 920 2070 μέμονε
951 2004 1079 2056 δάια

292 2079 372 2138 δι’
404 2081 535 2153 ε’μόν
560 2078 733 2153 ὄνομα
758 2080 913 2138 τᾶσδ’
943 2080 1189 2148 Αὐλίδος

291 2166 707 2240 στενοπόροισιν
733 2164 936 2238 ὅρμοις.

293 2249 356 2307 lob
382 2258 453 2322 γᾶ
475 2257 644 2323 μᾶτερ
673 2243 716 2306 ὦ
739 2259 1037 2323 Πελασγία,

288 2342 623 2407 Μυκηναῖαί
641 2333 690 2390 τ’
720 2339 842 2408 ε’μαὶ
868 2337 1162 2408 θεράπναι.

288 2427 472 2486 καλεῖς
497 2420 736 2492 πόλισμα
758 2423 1032 2494 Περσέως,

291 2511 643 2561 Κυκλωπίων
669 2505 845 2561 πόνον
868 2512 1078 2576 χερῶνς

289 2595 530 2662 ἔθρεψας
557 2587 772 2645 Ἑλλάδι
797 2613 864 2661 με
889 2589 1028 2662 φάος
1044 2608 1055 2618 ·

294 2679 550 2734 θανοῦσα
575 2672 627 2729 δ’
656 2671 759 2729 οὐκ
785 2669 1096 2745 ἇναίνομαι.

290 2757 445 2820 κλέος
469 2756 572 2830 γὰρ
599 2755 667 2814 οὔ
692 2777 752 2814 σε
777 2757 849 2830 μὴ
876 2763 1023 2832 λίπῃ.

561 2857 665 2901 1475
683 2879 744 2886 -
760 2858 871 2902 1490
889 2875 960 2896 Ξτ-
982 2857 1093 2900 1510
1111 2878 1166 2885 -
1186 2858 1294 2901 1520

1691 80 1757 130 53

1649 236 1762 282 1476

1648 659 1757 703 1475

1646 1082 1757 1127 1480

1647 1334 1754 1379 1485

1650 1671 1758 1715 1490

1643 2008 1759 2053 1495

1643 2432 1755 2474 1500
