2018 3117
98 1916 189 1964 XO

92 2417 212 2465 HA.

775 89 1086 135 ‹quiszkLz

285 226 444 303 ᾐόσιν
470 226 826 300 ἁρματεύσας.

282 311 420 368 ὅθεν
444 313 656 382 δόμοισι
680 325 789 377 τοῖς
817 315 961 382 ἐμοῖς

284 391 414 468 ἦλθ’
449 394 553 468 ἆρὰ
576 395 925 463 πολύστονος,

281 481 517 552 λόχευμα
547 485 844 550 ποιμνίοισι
867 477 1121 541 ,Μαιάδος
1145 477 1328 549 τόκου,

282 563 342 621 τὸ
365 564 746 636 χρυσόμαλλον
775 559 938 633 ἀρνὸς
962 558 1116 616 ὁπότ’

279 651 489 720 ἐγένετο
518 650 674 719 τέρας
697 643 860 702 ὀλοὸν
889 641 1051 700 ὀλοὸν

272 730 484 803 Ἀτρεός
513 728 791 801 ἱπποβώτα
807 748 817 757 ·

284 815 581 888 ὅθεν”Ερις
609 814 669 869 τό
693 836 751 868 τε
775 811 1052 884 πτερωτὸν

281 898 439 956 ἁλίου
468 901 761 971 μετέβαλεν
787 894 947 968 ἅρμα,

278 983 378 1040 τὰν
401 983 534 1053 πρὸς
558 985 790 1052 ἑσπέραν
818 982 1089 1035 κέλευθον

281 1065 523 1138 οὐρανοῦ
547 1065 968 1138 προσαρμόσασα

283 1152 607 1224 μονόπωλον
635 1153 687 1214 ές
704 1147 825 1218 Ἀῶ,

280 1235 588 1307 ἑπταπόρου
613 1258 668 1289 τε
699 1233 948 1305 δράμημα
974 1231 1274 1296 Πελειάδος

283 1326 355 1385 εἰς
381 1318 513 1376 ὁδὸν
539 1317 709 1374 ἄλλαν
733 1316 872 1382 Ζεὺς
894 1317 1234 1388 μεταβάλλει,

278 1407 455 1460 τῶνδέ
474 1401 522 1458 τ’
552 1401 762 1474 ἀμείβει
787 1399 870 1457 ἀεὶ
892 1401 1168 1465 θανάτους
1192 1400 1372 1455 θανά-

280 1511 391 1543 των
418 1488 482 1544 τά
511 1485 559 1542 τ’
591 1487 851 1556 ἐπώνυμα
876 1490 1070 1540 δεῖπνα
1099 1486 1342 1540 Θυέστου

280 1575 474 1644 λέκτρα
500 1594 556 1626 τε
584 1570 839 1641 Κρήσσας
867 1566 1124 1641 Ἀερόπας
1151 1573 1303 1623 δολί-

279 1680 341 1721 ας
365 1661 593 1712 δολίοισι
619 1654 833 1725 γάμοις·
862 1652 925 1708 τὰ
950 1653 1265 1708 πανύστατα
1293 1649 1345 1708 δ’

282 1747 356 1805 εἰς
379 1740 469 1810 ἐμὲ
494 1742 585 1794 καὶ
614 1741 839 1810 γενέταν
864 1736 994 1808 ἐμὸν
1025 1735 1199 1809 ἤλυθε

282 1824 466 1894 δόμων
491 1822 821 1886 πολυπόνοις
848 1819 1124 1892 ἀνάγκαις.

276 1910 366 1963 καὶ
389 1906 496 1978 μὴν
524 1904 617 1962 ὅδε
648 1905 739 1972 σὸς
760 1905 1027 1977 σύγγονος
1052 1908 1203 1976 ἕρπει

277 1991 446 2063 ψήφῳ
471 1991 720 2046 θανάτου
744 1995 1174 2061 κατακυρωθείς,

281 2073 314 2131 δ’
335 2098 393 2131 τε
417 2075 730 2139 πιστότατος
755 2074 977 2129 πάντων
1005 2074 1266 2144 Πυλάδης

279 2160 571 2231 ἰσάδελφος
596 2156 762 2230 ἀνήρ,

282 2244 558 2308 ἐξιθύνων
584 2242 819 2310 νοσερὸν
845 2247 1055 2311 κῶλον,

281 2329 408 2382 ποδὶ
432 2326 721 2400 κηδοσύνῳ
747 2325 1091 2396 παράσειρος.

281 2408 480 2481 οἲ’γω’·
507 2410 612 2481 πρὸ
641 2410 854 2480 τύμβου
879 2410 981 2480 γάρ
1009 2406 1059 2464 σ’
1089 2406 1261 2478 ὁρῶσ’
1291 2407 1587 2478 ἀναστένω,

280 2492 488 2565 ἀδελφέ
497 2537 510 2564 ,
537 2496 628 2550 καὶ
654 2494 888 2565 πάροιθε
912 2494 1184 2563 νερτέρων
1207 2499 1400 2562 πυρᾶς.

283 2583 337 2633 οἲ
358 2575 457 2648 ’γω
483 2576 607 2648 μάλ’
640 2571 834 2641 αὖθις·
863 2573 934 2641 ὥς
957 2574 1010 2631 σ’
1041 2573 1220 2631 ι’δοῦσ’
1248 2579 1308 2631 ἐν
1333 2573 1534 2649 ὄμμασι

281 2661 629 2732 πανυστάτην
653 2661 926 2733 πρόσοψιν
949 2662 1164 2730 ἐξέστην
1190 2668 1429 2732 φρενῶν.

97 2752 200 2800 ΟΡ.
272 2742 342 2801 οὐ
367 2742 477 2815 σῖγ’
508 2741 706 2816 ἀφεῖσα
732 2743 859 2808 τοὺς
886 2749 1237 2814 γυναικείους
1261 2744 1426 2816 γόους

1622 744 1734 787 1000

1621 1249 1732 1291 2005

1625 1670 1732 1710 1010

1624 2174 1731 2214 1015

1624 2591 1730 2632 1020
