2018 3117
217 99 320 151 394

218 246 488 317 μηδέποτε
527 244 627 314 μὲν
667 247 837 298 παῖδα
876 255 1082 314 τεκεῖν,
1116 247 1167 297 εἰ
1201 239 1255 298 δ’
1290 240 1395 315 ἄρα
1425 246 1517 300 καὶ
1552 252 1811 318 συμβαίη,

218 326 317 385 ὑπ’
351 325 522 384 αὐτοῦ
552 326 751 383 τούτου
782 323 1272 400 ἀναιρεθήσεσθαι.
1312 327 1404 383 διὰ
1437 335 1609 386 ταῦτα
1634 329 1812 387 πολὺν

218 411 323 486 ἤδη
361 412 565 486 χρόνον
601 408 629 467 ὁ
670 411 839 476 Λάιος
875 409 1037 478 ἅπαις
1073 407 1152 467 c3v
1186 419 1548 485 παραγίνεται
1580 420 1655 480 εἰς
1686 422 1813 471 Πυ-

217 505 353 555 θίαν
375 498 468 553 καὶ
490 501 708 553 παίδων
731 502 874 552 αἰτεῖ
893 497 1083 569 γονήν.
1109 498 1202 552 καὶ
1226 494 1417 554 άκουέι
1441 498 1657 555 τοιόνδε
1678 522 1812 572 χρη-

169 600 192 639 5
218 583 380 655 σμόν·

300 667 438 724 Λάιε
463 671 816 738 Λαβδακίδη,
848 671 1065 723 παίδων
1095 669 1253 738 γένος
1288 665 1479 739 ὄλβιον
1508 674 1703 735 αἰτεῖς;

301 755 466 819 τέξεις
491 751 591 823 μὲν
617 757 782 823 φίλον
805 751 956 822 υἱόν,
985 749 1121 824 ἀτὰρ
1148 752 1274 809 τόδε
1298 771 1382 809 σοι
1411 752 1579 826 μόρος
1603 758 1768 824 ἔσται,

301 836 497 902 παιδὸς
523 839 617 892 ἑοῦ
639 843 880 909 χείρεσσι
911 843 1092 893 λιπεῖν
1123 844 1273 909 βίον·
1305 834 1377 902 [ὃς
1402 836 1507 909 γὰρ
1535 844 1727 894 ἔνευσε

301 921 441 987 Ζεὺς
453 927 732 994 Κρονίδης
754 925 1004 987 Πέλοπος
1027 936 1317 995 στυγεραϊς
1343 920 1527 994 ἀραῖσι
1551 922 1812 994 πιθήσας,

151 1020 201 1061 10
299 999 370 1064 οὗ
415 1012 581 1079 φίλον
631 1004 880 1079 ἥρπασας
925 1006 1076 1063 υἱόν·
1141 1003 1167 1062 ὃ
1207 1005 1258 1063 δ’
1307 1004 1511 1080 ηὔξατό
1558 1025 1645 1064 σοι
1682 1007 1813 1063 τάδε

893 1091 1085 1147 πάντα.

217 1169 468 1233 ὧντινων
492 1176 885 1247 θεσπισμάτων
909 1181 974 1249 τῇ
998 1182 1092 1246 τῆς
1114 1175 1379 1248 γυναικὸς
1397 1174 1669 1249 Ἰοκάστης
1691 1180 1812 1232 ε’πι-

215 1267 396 1336 θυμία
438 1262 529 1316 καὶ
565 1258 740 1332 ἡδονῇ
782 1257 964 1333 ὥσπερ
1009 1260 1382 1332 ἐκλαθόμενος
1426 1262 1622 1332 Λάιος,
1668 1257 1704 1333 ἢ
1741 1259 1812 1327 ὥς

216 1350 358 1412 τινές
398 1363 533 1417 φασι
562 1351 660 1420 μιᾷ
696 1351 807 1400 τῶν
841 1343 1063 1418 ἡμερῶν
1098 1346 1403 1418 βαρυνθεὶς
1441 1353 1515 1422 τῷ
1552 1355 1686 1421 οἴνῳ
1720 1348 1812 1402 καὶ

149 1451 199 1493 15
215 1429 511 1490 συνελθὼν
545 1436 610 1503 τῇ
651 1427 827 1486 αὐτοῦ
865 1432 1092 1502 γυναικὶ
1132 1436 1408 1487 Οἰδίποδα
1449 1437 1690 1503 σπείρει,
1719 1433 1811 1487 καὶ

216 1515 349 1589 μετὰ
371 1514 430 1571 τὸ
459 1522 723 1587 τεχθῆναι
760 1513 932 1572 αὐτὸν
960 1513 1352 1588 άναπεμπάσας
1378 1516 1508 1582 τοὺς
1532 1515 1810 1588 χρησμοὺς

216 1604 307 1658 καὶ
333 1601 514 1673 φόβον
537 1601 749 1672 λαβών,
780 1601 1105 1673 διατορήσας
1133 1601 1262 1667 τοὺς
1297 1601 1469 1666 πόδας
1505 1599 1680 1657 αὐτοῦ
1719 1601 1807 1656 καὶ

215 1689 481 1758 χρυσέους
516 1692 745 1759 κρίκους
776 1687 1314 1758 διαπερονησάμενος
1352 1689 1531 1759 ῥίπτει
1571 1684 1664 1741 διὰ
1698 1690 1809 1740 τῶν

217 1777 438 1828 οἰκείων
476 1771 768 1843 βουκόλων
813 1777 887 1837 εἰς
925 1770 985 1827 τὸ
1035 1768 1161 1843 ὅρος
1200 1769 1297 1827 τὸν
1333 1776 1695 1843 Κιθαιρῶνα,
1740 1766 1810 1834 ὥς

148 1877 201 1919 20
215 1854 321 1912 ὑπὸ
352 1863 571 1929 θηρίων
599 1859 845 1913 ἐνταῦθα
870 1853 1399 1929 άναιρεθησόμενον.
1427 1862 1582 1927 ἔτυχε
1610 1855 1671 1911 δὲ
1695 1851 1808 1910 κατ’

216 1944 393 1998 ἐκεῖνο
417 1948 617 2012 καιροῦ
641 1944 733 1998 καὶ
756 1939 884 2007 τοὺς
905 1941 1169 2014 Πολύβου
1193 1943 1391 2013 νομέας
1414 1942 1682 2013 βασιλέως
1694 1946 1812 1996 Κο-

216 2032 421 2095 ρίνθου
451 2026 675 2096 βόσκειν
705 2030 831 2082 ἐκει.
872 2033 927 2083 οι
962 2029 1055 2083 καὶ
1091 2025 1150 2082 τὸ
1179 2028 1385 2099 βρέφος
1423 2023 1680 2099 ευρόντες
1718 2025 1808 2080 καὶ

217 2109 540 2181 ἀνελόμενοι
571 2113 803 2183 φέρουσι
828 2110 964 2183 πρὸς
986 2111 1087 2183 τὴν
1119 2111 1386 2183 Πολύβου
1415 2122 1654 2183 γυναικα
1683 2116 1806 2164 Με-

217 2195 420 2268 ρόπην·
462 2196 533 2267 ἠν
557 2218 662 2267 γαρ
702 2192 932 2251 ἀπαιδία
961 2201 1329 2267 δυστυχουσα,
1347 2219 1438 2252 και
1476 2217 1590 2259 πως
1623 2200 1810 2250 πείθει

148 2299 201 2341 25
214 2279 312 2336 τὸν
337 2277 515 2351 άνδρα
536 2281 801 2351 Πόλυβον
826 2277 963 2352 αὐτὴ
989 2287 1153 2337 τοῦτο
1179 2294 1376 2336 τεκειν.
1407 2278 1722 2351 ἀνδρωθεὶς
1749 2278 1808 2335 δὲ

218 2362 245 2420 ὁ
275 2377 401 2430 παῖς
424 2371 523 2420 καί
553 2389 661 2422 τινι
697 2371 807 2420 τῶν
837 2368 953 2421 ἐκεῖ
985 2364 1279 2421 συνελθὼν
1316 2370 1391 2430 εἰς
1432 2371 1578 2438 ἔριν,
1615 2360 1704 2420 οἷα
1741 2361 1809 2435 δὴ

217 2456 456 2521 γίνεται,
490 2447 562 2515 ως
585 2447 688 2507 οὐκ
713 2459 796 2522 εἴη
819 2449 1086 2522 Πολύβου
1120 2463 1246 2515 παῖς
1282 2447 1499 2516 ὄνειδος
1524 2455 1645 2520 ἔσχε
1675 2444 1807 2519 παρ’

218 2531 408 2590 αὐτοῦ.
458 2531 595 2590 ὅθεν
630 2532 866 2600 ἀναστὰς
906 2531 1218 2606 ἀφικνεῖται
1250 2534 1385 2607 πρὸς
1425 2534 1523 2591 τὸν
1564 2531 1810 2589 Ἀπόλλω

218 2618 556 2690 πευσόμενος
580 2622 706 2692 περὶ
732 2619 948 2676 τούτου.
976 2622 1068 2676 καὶ
1084 2618 1155 2686 ὡς
1180 2625 1329 2676 ἔσται
1353 2618 1560 2691 φονεὺς
1582 2623 1683 2674 τοῦ
1706 2639 1811 2673 πα-

149 2702 342 2775 3οτρὸς
377 2704 655 2775 μανθάνει
690 2707 783 2760 καὶ
818 2701 890 2770 ὡς
926 2711 991 2777 τῇ
1031 2704 1266 2777 τεκούσῃ
1304 2707 1617 2774 συνέσοιτο,
1655 2703 1813 2758 ταυτὶ

217 2789 384 2859 μόνα·
417 2794 562 2854 τίνες
597 2789 658 2845 δὲ
695 2789 806 2845 εἶεν
839 2787 989 2864 αὐτῷ
1015 2795 1072 2846 οἵ
1099 2802 1280 2861 γονεῖς
1344 2795 1536 2862 σαφῶς
1571 2784 1638 2843 οὐ
1672 2810 1815 2859 μαν-

219 2871 398 2943 θάνει.
427 2872 669 2930 ἐπανιών
694 2875 755 2930 δὲ
779 2877 998 2930 ἐκεῖθεν
1022 2872 1303 2946 ὑπήντησε
1327 2879 1509 2949 Λαΐῳ,
1537 2869 1815 2944 ἀφικνου-
