2018 3117
804 122 1097 168 MHAELA.

317 274 599 333 χρηστοῖσι
630 261 851 326 δούλοις
879 260 1133 333 ξυμφορὰ
1159 263 1225 320 τὰ
1253 264 1538 319 δεσποτῶν

316 350 496 411 κακῶς
523 351 788 446 πίτιςρντα
816 349 908 401 καὶ
939 353 1165 418 φρενῶν
1191 345 1546 404 ἄνθάπτεται.
1591 340 1621 416 ’ζ

317 430 423 502 ἐγὼ
450 429 554 502 γὰρ
581 436 657 495 εἰς
680 428 832 486 τοῦτ’
866 429 1121 504 «ἐκ-βέβηκ’
1154 430 1477 504 ἀλγηδόνος,

317 513 462 571 ὥσθ’
497 514 683 588 ἵμερός
706 512 764 585 μ’
797 512 1020 590 ὑλτῆλθε
1042 521 1112 588 γῇ
1139 540 1195 572 τε
1221 515 1478 590 κούρανῷ

314 603 460 667 λέξαι
483 599 727 672 μολούσῃ
751 604 919 671 δεῦρο
941 605 1196 671 Μηδείας
1218 602 1398 672 τύχας.

130 691 280 740 ΠΑΙ.
317 683 472 741 οὔπω
499 683 605 781 γὰρ
635 680 667 755 ἡ
693 683 922 740 τάλαινα
946 684 1180 741 παύεται
1206 686 1383 758 γόων·
1371 729 1384 751 ,

428 765 918 791 ,,,,,,

123 859 279 910 ΠΑΙ.
316 857 357 910 ὦ
374 841 599 926 μῶρος,
629 840 738 908 εἰ
700 852 803 925 χρὴ
829 854 1096 920 δεσπότας
1123 861 1298 911 εἰπεῖν
1323 855 1474 910 τόδε·

315 963 387 1005 ως
412 938 581 995 ουδὲν
606 936 723 993 οἶδε
748 943 860 992 τῶν
884 942 1171 1012 νεωτέρων
1193 963 1398 996 κακων.

136 1030 232 1079 ΤΡ.
309 1031 366 1080 τί
388 1021 442 1078 δ’
471 1030 648 1092 ε’,στιν
681 1045 723 1077 ω
749 1026 966 1096 γεραιέ;
992 1024 1065 1096 μὴ
1093 1025 1298 1095 φθόνει
1324 1023 1547 1096 φράσαι.

133 1115 278 1164 ΠΑΙ.
315 1106 509 1165 οὐδέν·
535 1109 822 1180 μετέγνων
849 1111 941 1164 και
964 1108 1030 1164 τὰ
1056 1107 1261 1182 πρόσθ’
1294 1109 1570 1181 εἰρημένα.

135 1199 232 1248 ΤΡ.
309 1193 413 1266 μή,
441 1192 577 1267 πρὸς
603 1199 853 1263 γενείου,
882 1193 1093 1265 κρύπτε
1130 1195 1446 1251 σύνδουλον
1471 1194 1666 1276 σξὲν·

315 1278 477 1350 σιγὴν
501 1279 636 1350 γάρ,
667 1282 718 1332 εί
735 1277 867 1349 χρή,
895 1284 1073 1334 τῶνδε
1102 1280 1344 1351 θήσομαι
1369 1280 1511 1350 πέρι.

132 1367 277 1419 ΠΑΙ.
311 1360 524 1435 ἤκουσά
545 1383 645 1418 του
672 1363 927 1432 λέγοντος
953 1361 1020 1418 ού
1046 1368 1228 1420 δοκων
1254 1360 1465 1433 κλύειν,

313 1446 551 1546 πεσρζοῦς
578 1447 924 1518 προσελθών,
952 1454 1092 1504 ἔνθα
1122 1448 1188 1520 δὴ
1216 1453 1536 1503 παλαίτατοι
1579 1464 1586 1468 ’

310 1532 611 1599 θάσσουσι,
640 1529 844 1601 σεμνὸν
868 1529 1011 1604 ἀμφὶ
1035 1533 1314 1606 Πειρήνης
1338 1529 1510 1604 ὕδωρ,

317 1642 390 1682 ως
415 1603 617 1674 τούσδε
640 1620 841 1682 παιδας
866 1623 965 1688 γῆς
990 1620 1121 1674 ἐλᾶν
1146 1622 1453 1691 Κορινθίας

314 1701 421 1758 σὺν
447 1726 612 1805 μητρι
638 1703 826 1772 μέλλοι
850 1708 1016 1773 τῆσδε
1040 1710 1296 1777 κοίρανος
1319 1698 1524 1774 χθονὸς

311 1789 526 1857 Κρέων.
556 1785 583 1843 ὁ
608 1789 796 1856 μέντοι
819 1793 1001 1858 μῦθος
1027 1794 1078 1844 εἰ
1099 1788 1277 1860 σαφὴς
1303 1785 1398 1844 ὅδε

314 1868 418 1927 οὐκ
446 1872 598 1928 οἶδα·
626 1877 934 1943 βουλοίμην
961 1871 1015 1928 δ’
1045 1870 1114 1929 α“ν
1140 1897 1244 1992 οέκ
1273 1873 1413 1929 εἶναι
1438 1871 1582 1929 τόδε.

132 1961 232 2010 ΤΡ.
308 1957 400 2010 καὶ
424 1954 581 2012 ταῦτ’
605 1954 794 2010 Ἰάσων
817 1961 1014 2024 παῖδας
1041 1961 1192 2025 ἐξανε
1197 1961 1342 2025 ξεται

314 2040 644 2111 πάσχοντας,
675 2045 727 2095 εί
749 2042 841 2096 και
864 2044 1027 2114 μητρὶ
1053 2042 1333 2115 διαφοραν
1358 2047 1497 2113 ἔχεις

125 2129 278 2179 ΠΑΙ.
313 2124 518 2181 παλαιὰ
543 2130 755 2182 καινῶν
782 2131 1028 2182 λείπεται
1052 2127 1433 2200 κηδευμάτων,

312 2207 451 2266 κούκ
477 2208 588 2266 ἔστ’
618 2213 827 2275 ἐκεῖνος
851 2217 1034 2268 τοῖσδε
1058 2212 1306 2283 δώμασιν
1331 2217 1508 2284 φίλος.

130 2297 230 2346 ΤΡ.
308 2290 664 2366 ἀπωλόμεσθ’
699 2292 812 2365 άρ’,
842 2301 892 2351 εἰ
915 2296 1089 2354 κακὸν
1113 2303 1480 2369 προσοίσομεν

309 2380 441 2434 νέον
463 2385 678 2436 παλαιω
692 2423 706 2450 ,
736 2381 870 2450 πρὶν
894 2379 1011 2437 τόδ’
1043 2384 1442 2453 ε’ξηντληκέναι.

126 2465 278 2516 ΠΑΙ.
314 2459 450 2536 ἆταρ
475 2465 548 2520 σύ
572 2462 628 2535 γ’
636 2508 649 2535 ,
678 2461 746 2518 ού
772 2463 875 2535 γὰρ
907 2465 1097 2539 καιρὸς
1125 2451 1331 2521 εἰδέιῖῧιι
1353 2464 1482 2521 τόδε

314 2548 640 2620 δέσποιναν,
666 2545 900 2621 ἡσύχαζε
923 2552 1016 2605 καὶ
1039 2556 1166 2621 σίγα
1191 2549 1375 2621 λόγον.

130 2636 229 2684 ΤΡ
307 2654 349 2686 ω
374 2629 543 2704 τέκν’,
571 2630 805 2689 ἀκούεθ’
834 2630 947 2699 οἷος
973 2640 1049 2699 εἰς
1071 2632 1214 2706 υμᾶς
1238 2634 1443 2708 πατήρ;

313 2712 492 2772 όλοιτο
517 2741 619 2788 μεν
643 2718 742 2790 μή
771 2718 1039 2790 δεσπότης
1062 2719 1167 2791 γάρ
1195 2722 1307 2774 ἐστ’
1333 2717 1484 2791 εμός

311 2796 447 2871 ἆταρ
472 2802 638 2867 κακός
660 2799 716 2873 γ’
745 2825 825 2857 ων
851 2808 926 2868 εἰς
946 2809 1155 2904 φίλους
1179 2801 1476 2860 ἁλίσκεται.

123 2889 277 2938 ΠΑΙ.
310 2890 393 2949 τίς
416 2882 471 2939 δ’
502 2882 625 2955 ούχὶ
653 2893 915 2955 θνητων;
941 2872 1080 2958 άρτι
1088 2887 1413 2959 γιγνώσκεις
1437 2885 1583 2956 τόδε,

1687 114 1781 168 197

1731 358 1785 402 55

1731 1203 1784 1248 65

1726 1625 1784 1674 70

1727 2051 1782 2101 75
