2018 3117
85 1694 193 1742 ET.

83 1946 194 1996 XO.

738 115 1118 161 ΦΟΙΝΙΣΣΑΙ
1633 113 1736 164 419

277 250 380 325 τὴν
427 253 487 308 δὲ
531 254 822 324 θρέψασαν
864 275 931 324 με
974 265 1138 324 γαῖαν
1182 253 1272 308 καὶ
1311 251 1482 318 θεοὺς
1526 254 1734 325 μαρτύ-

836 360 997 410 ρομαι

279 422 349 485 ὡς
374 418 558 492 ἄτιμος
593 419 781 493 οἰκτρᾶ
804 421 1027 492 πάσχων
1054 421 1410 493 ἐξελαύνομαι
1432 422 1650 494 χθονός,

276 510 473 570 δοῦλος
512 503 611 576 ὥς,
670 503 789 560 ἀλλ’
830 502 953 576 οὐχὶ
997 503 1201 561 ταύτοῦ
1246 505 1448 579 πατρὸς
1498 512 1735 563 Οἰδίπου

834 608 1034 662 yeymg·

275 672 378 730 κᾶν
405 679 461 728 τί
480 691 592 744 σοι,
618 673 801 744 πόλις,
840 677 1089 746 γένηται,
1119 674 1191 746 μὴ
1215 673 1327 751 ’με’,
1363 675 1524 734 τόνδε
1559 673 1613 731 δ’
1647 681 1734 731 αἰ,

837 782 950 814 τιω.

186 902 190 906 ,
276 838 376 911 οὐχ
424 842 567 898 εἴκων
600 865 703 915 γαρ
729 835 927 914 ἦλθον,
962 839 1113 898 ἄκων
1141 841 1184 899 δ’
1203 844 1574 916 [ἐξελαύνομαι
1596 853 1729 915 χθο-

833 925 899 982 vo'
935 971 943 979 .
1652 942 1735 985 630

273 1012 365 1067 καὶ
388 1028 458 1066 συ
486 1008 647 1082 Φοῖβ’
686 1007 861 1077 α’ναξ’
847 933 1068 1082 Ἀξλκεῦ
1103 1014 1195 1067 καὶ
1229 1014 1478 1084 μέλαθρα
1500 1019 1732 1086 χαίρετε,

273 1093 454 1167 ἥλικές
478 1093 540 1151 θ’
568 1093 729 1166 οὑμοὶ
752 1102 905 1151 θεῶν
929 1119 986 1152 τε
1015 1095 1257 1168 δεξίμηλ’
1294 1095 1591 1169 ἀγάλματα.

273 1178 340 1235 οὐ
381 1179 485 1252 γὰρ
524 1178 631 1236 οἷδ’
673 1188 727 1235 εἴ
753 1203 844 1251 μοι
882 1194 1200 1253 προσειπεῖν
1235 1174 1402 1246 αὖθις
1437 1179 1559 1237 ἔσθ’
1591 1179 1730 1253 ὑμᾶς

841 1284 994 1321 ποτε·

270 1352 484 1414 ἐλπίδες
521 1346 573 1404 δ’
616 1346 770 1404 οὔπω
809 1348 1170 1420 καθεύδουσ’,
1214 1346 1297 1416 αἷς
1342 1353 1582 1406 πέποιθα
1628 1356 1732 1405 σὺν

828 1443 980 1499 θεοῖς

271 1515 426 1574 τόνδ’
454 1514 777 1584 ἀποκτείνας
802 1519 1094 1591 κρατήσειν
1128 1524 1293 1590 τῆσδε
1329 1525 1572 1591 Θηβαίας
1595 1527 1732 1589 χθο-

830 1604 939 1669 νός.
1648 1616 1731 1660 635

263 1684 404 1753 ἔξιθ’
443 1691 502 1743 ἐκ
537 1686 741 1760 χώρας·
794 1685 1016 1760 ἀληθῶς
1062 1686 1114 1743 δ’
1164 1687 1338 1760 ὄνομα
1380 1694 1732 1759 Πολυνείκην

829 1773 1005 1846 πατὴρ

268 1855 430 1913 ἔθετό
455 1874 542 1912 σοι
564 1863 696 1912 θεία
720 1864 955 1932 προνοία
978 1860 1207 1914 νεικέων
1231 1857 1538 1929 ἐπώνυμον.

264 1940 488 2013 Κάδμος
512 1946 671 2012 ἔμολε
694 1941 858 1997 τανδε
888 1949 992 2014 γᾶν
1503 1958 1617 2014 στρ.

275 2025 498 2098 Τύριος,
527 2028 569 2100 ᾧ
595 2026 953 2099 τετρασκελὴς

268 2111 465 2181 μόσχος
491 2108 774 2182 αδάματον
791 2114 1003 2183 πέσημα
1645 2123 1730 2168 640

265 2199 385 2251 δίκε
409 2195 746 2267 τελεσφόρον
770 2200 1003 2252 διδοῦσα

264 2279 536 2352 χρησμόν,
570 2273 639 2336 οὗ
666 2287 972 2337 κατοικίσαι

264 2368 426 2421 πεδία
451 2388 542 2421 νιν
570 2364 629 2421 τὸ
656 2367 938 2438 θέσφατον

270 2449 564 2522 πυροφόρα
589 2449 775 2521 δόμων
802 2456 947 2522 ἔχρη,

264 2533 662 2606 καλλιπόταμος
686 2530 884 2598 ὕδατος
909 2538 999 2589 ἴνα
1022 2556 1079 2589 τε
1191 2531 1195 2535 ’
1641 2544 1724 2590 646

264 2619 412 2683 νοτὶς
436 2620 715 2692 ἐπέρχεται
744 2620 911 2690 ῥυτᾶς

261 2709 472 2775 Δίρκας
494 2702 838 2776 χλοηφόρους

260 2789 352 2843 καὶ
375 2787 771 2860 βαθυσπόρους
794 2786 949 2858 γύας,

590 2887 751 2933 638-
764 2888 847 2932 656
865 2901 934 2922 =
954 2887 1034 2932 657
1049 2885 1211 2931 -675

1346 2946 1410 2999 2⁷
1425 2952 1449 2974 ιι
