2018 3117
259 108 323 161 34

251 1272 364 1322 XO.

251 1441 363 1490 ΑΧ.

622 111 994 159 ΙΦΙΓΕΝΕΙΑ
1029 111 1088 155 Η
1116 111 1211 156 EN
1242 111 1494 158 AYAIAI

441 248 614 307 ὄνομα
649 249 753 320 γὰρ
787 247 846 304 τὸ
885 247 985 304 σόν
1018 244 1076 319 μ’
1116 245 1375 319 άπεόλεσ’,
1420 243 1462 324 ᾦ
1496 246 1548 304 σ’
1585 247 1900 321 ἀμυναθεῖν

996 332 1189 403 χρεων.
1816 350 1902 392 910

439 417 541 475 οὐκ
567 424 668 489 ἔχω
695 415 886 489 βωμὸν
908 428 1250 489 καταφυγεῖν
1285 415 1454 472 ἄλλον
1476 413 1510 489 ἢ
1533 417 1593 473 τὸ
1618 417 1718 474 σὸν
1743 419 1903 490 γόνυ,

439 500 571 560 οὐδὲ
600 508 761 574 φίλος
786 499 972 566 οὐδεὶς
996 507 1134 574 πελᾷ
1157 519 1273 571 μοι·
1312 500 1376 556 τὰ
1412 499 1466 556 6’
1499 499 1900 575 Ἀγαμέμνονος

999 585 1183 649 κλύεις

439 670 559 742 ὠμὰ
594 673 686 728 καὶ
723 668 1021 741 πάντολμ’·
1062 667 1295 741 ἀφῖγμαι
1333 667 1406 741 δ’,
1445 667 1628 743 ὥσπερ
1667 677 1901 747 εἰσορᾷς,

1000 753 1143 826 γυνὴ

437 840 702 897 ναυτικὸν
751 836 1045 912 στράτευμ’
1096 836 1336 910 ἄναρχον
1381 837 1514 895 κάπὶ
1558 853 1669 904 τοῖς
1714 854 1903 906 κακοῖς

999 922 1203 994 θρασύ,

441 1011 704 1081 χρήσιμον
731 1006 803 1079 δ’,
831 1005 962 1064 ὅταν
980 1009 1239 1063 θέλωσιν.
1266 1005 1335 1080 ἢν
1349 1008 1409 1064 δὲ
1423 1009 1693 1082 τολμήσῃς
1710 1011 1780 1065 σύ
1792 1032 1902 1080 μου

438 1092 570 1167 χεῖρ’
599 1092 946 1166 ὑπερτεῖναι,
973 1091 1283 1164 σεσώσμεθ’
1302 1112 1313 1122 ·
1353 1099 1404 1148 εί
1426 1093 1486 1149 δὲ
1510 1093 1609 1165 μή,
1636 1090 1702 1149 οὐ
1727 1093 1903 1150 σεσω’ω

998 1186 1193 1248 σμεθα.
1820 1191 1903 1235 916

434 1262 622 1319 δεινὸν
646 1262 704 1318 τὸ
731 1269 939 1318 τίκτειν
964 1264 1056 1318 καὶ
1080 1264 1237 1333 φέρει
1264 1268 1496 1333 φίλτρον
1520 1265 1673 1334 μέγα,

415 1353 604 1408 ,πᾶσίν
629 1370 686 1403 τε
712 1346 903 1403 κοινὸν
936 1344 1072 1402 ὥσθ’
1104 1343 1479 1418 ὑπερκάμνειν
1505 1349 1729 1403 τέκνων.

434 1429 779 1504 ὑψηλόφρων
801 1455 893 1503 μοι
917 1430 1097 1502 θυμὸς
1121 1440 1331 1503 αἴρεται
1350 1431 1563 1502 πρόσω·

437 1520 716 1572 ἐπίσταται
743 1517 803 1572 δὲ
828 1529 940 1581 τοῖς
964 1523 1186 1571 κακοῖσί
1204 1513 1252 1570 τ’
1282 1513 1524 1586 ἀσχαλᾶν
1819 1532 1903 1574 920

436 1608 667 1673 μετρίως
691 1624 748 1656 τε
779 1608 993 1701 χαίρειν
1016 1613 1191 1655 τοῖσιν
1216 1602 1637 1671 ἐξωγκωμένοις.

436 1687 813 1757 λελογισμένοι
839 1709 941 1756 γαρ
969 1708 1020 1740 οι
1044 1682 1236 1740 τοιοίδ’
1268 1687 1407 1740 εἰσιν
1435 1691 1650 1755 βροτων

436 1767 621 1841 ὀρθῶς
650 1775 838 1840 διαζῆν
862 1768 956 1824 τὸν
981 1776 1107 1841 βίον
1131 1770 1350 1840 γνώμης
1374 1772 1522 1840 μέτα.

436 1861 584 1910 ἔστιν
609 1878 710 1926 μεν
734 1856 837 1909 οὐν
863 1853 938 1909 ἵν’
968 1851 1075 1925 ἡὸυ
1099 1853 1170 1925 μὴ
1198 1861 1324 1909 λίαν
1349 1867 1596 1926 φρονεῖν,

435 1945 583 1995 ἔστιν
609 1940 669 1994 δὲ
691 1936 880 2009 χιόπου
905 1939 1171 2011 χρήσιμον
1196 1939 1423 2010 γνώμην
1448 1945 1608 2010 ἔχειν.
1819 1953 1903 1997 925

436 2023 542 2095 ἐγω
569 2021 620 2079 6'
651 2027 710 2079 ἐν
735 2021 937 2095 ἀνδρὸς
966 2021 1362 2095 εὐσεβεστάτου
1387 2026 1614 2096 τραφεὶς

434 2115 738 2180 Χείρωνος,
767 2115 976 2179 ἔμαθον
1000 2107 1127 2173 τοὺς
1151 2107 1389 2180 τρόπους
1413 2106 1621 2174 ἁπλοῦς
1646 2116 1804 2181 ἔχειν.

435 2195 527 2248 καὶ
551 2207 663 2258 τοῖς
686 2191 1012 2263 Ἀτρείδαις,
1039 2189 1108 2264 ἢν
1131 2193 1231 2264 μὲν
1256 2190 1497 2264 ἡγῶνται
1520 2201 1715 2264 καλῶς,

439 2276 731 2349 πεισόμεθ’
753 2297 762 2306 ·
791 2275 924 2333 ὅταν
949 2279 1010 2334 δὲ
1034 2277 1106 2349 μὴ
1132 2284 1336 2347 καλῶς,
1365 2275 1431 2333 οὐ
1458 2284 1729 2350 πείσομαι.

438 2358 557 2417 ἀλλ’
588 2360 782 2418 ἐνθάδ’
813 2365 873 2418 ἐν
905 2369 1072 2436 Τροία
1096 2359 1146 2416 τ’
1175 2364 1481 2433 ἐλευθέραν
1506 2363 1679 2434 φύσιν
1816 2376 1903 2421 930

439 2448 716 2517 παρέχων
737 2445 875 2518 ’Ἄρη
900 2446 960 2503 τὸ
985 2444 1105 2502 κατ’
1135 2447 1226 2518 ἐμε
1250 2447 1504 2518 κοσμήσω
1530 2452 1670 2519 δορί.

438 2529 499 2585 σε
522 2528 594 2601 δ’,
623 2554 662 2585 ω
691 2535 950 2584 παθοῦσα
969 2535 1184 2600 σχέτλια
1212 2530 1348 2604 πρὸς
1372 2555 1483 2587 των
1508 2532 1801 2603 φιλτάτων.

440 2639 474 2669 α
498 2613 566 2686 δὴ
590 2613 709 2670 κατ’
740 2613 916 2687 άνδρα
941 2623 1185 2689 γίγνεται
1209 2623 1456 2686 νεανιάν,

443 2704 707 2755 τοσοῦτον
733 2699 917 2755 οἶκτον
942 2699 1256 2772 περιβαλὼν
1283 2707 1611 2771 καταστελω,

441 2781 677 2839 κοῦποτε
701 2782 836 2855 κόρη
865 2783 931 2856 σὴ
957 2785 1091 2856 πρὸς
1116 2783 1318 2856 πατρὸς
1341 2781 1698 2856 σφαγήσεται,
1815 2797 1899 2841 935

441 2872 539 2939 ἐμὴ
567 2866 882 2939 φατισθεϊσ’
902 2887 912 2898 ·
951 2866 1017 2923 οὐ
1043 2868 1145 2939 γὰρ
1172 2870 1459 2940 ἐμπλέκειν
1485 2868 1689 2934 πλοκὰς
