2018 3117
248 75 351 127 434

253 225 348 274 [0.

861 75 1240 123 ΦΟΙΝΙΣΣΛΙ

437 223 492 273 τί
515 215 588 285 δ’,
616 215 954 287 ἑπτάπυργοι
978 221 1093 280 πῶς
1118 221 1302 286 ἔχουσι
1327 221 1638 287 περιβολαίς

247 309 354 360 ΑΓ
349 308 410 358 Γ.
441 298 620 359 ἑστᾶσ’
652 298 986 372 ἄθραυστοι,
1014 297 1153 355 κούκ
1177 297 1520 372 ἀνήρπασται
1542 299 1713 366 πόλις.

248 395 348 445 ΙΟ.

439 379 617 457 ἦλθον
644 390 675 440 δ
681 385 704 440 ὲ
727 384 862 455 πρὸς
887 376 1156 440 κίνδυνον
1173 381 1426 456 Ἀργείου
1452 383 1639 456 δορός;
1798 400 1905 445 1080

249 478 355 528 ΑΓ
350 477 401 527 Γ
399 515 409 525 .
439 469 615 542 ἀκμήν
639 467 688 541 γ’
720 467 804 525 ἐπ’
834 467 1036 541 αὐτήν·
1066 467 1186 524 ἀλλ’
1217 466 1244 524 ὁ
1270 473 1568 540 Καδμείων
1589 466 1759 541 ’Ἄρης

441 561 713 627 κρείσσων
736 556 964 625 κατέστη
990 561 1088 610 τοῦ
1113 559 1453 625 Μυκηναίου
1479 553 1654 625 δορός.

250 649 349 699 ΙΟ.
442 637 502 696 ἓν
527 639 644 695 εἰπὲ
667 638 803 711 πρὸς
825 645 1007 710 θεῶν,
1041 647 1095 694 εἴ
1113 662 1164 694 τι
1186 643 1568 702 Πολυνείκους
1591 640 1716 711 πέρι

446 721 616 794 οἶσθ’,
645 721 715 788 ως
738 726 888 795 μέλει
915 747 1005 795 μοι
1032 725 1124 779 καὶ
1147 721 1284 793 τόδ’,
1315 728 1364 778 εἰ
1385 723 1604 780 λεύσσει
1631 721 1785 795 φάος.

252 816 410 868 ΑΓΓ.
439 815 498 882 ζῇ
523 827 608 865 σοι
632 811 865 881 ξυνωρὶς
890 815 964 874 εἰς
993 806 1106 864 τόδ’
1134 805 1336 880 ἡμέρας
1361 810 1586 863 τέκνων.
1798 820 1907 865 1085

251 902 350 953 ΙΟ.
442 892 843 965 εὐδαιμονοίης.
875 900 989 959 πῶς
1014 892 1115 965 γὰρ
1142 891 1405 964 Ἀργείων
1433 892 1570 963 δόρυ

444 985 637 1036 πυλῶν
661 976 1042 1049 ἀπεστήσασθε
1067 977 1543 1050 πυργηρούμενοι;

444 1066 626 1134 λέξον,
654 1066 885 1136 γέροντα
908 1062 1121 1134 τυφλὸν
1146 1061 1217 1128 ὡς
1241 1061 1376 1118 κατὰ
1398 1065 1589 1133 στέγας

443 1153 687 1206 ἐλθοῦσα
712 1150 891 1219 τέρψω
907 1191 920 1218 ,
948 1153 1112 1219 τῆσδε
1135 1154 1233 1219 γῆς
1257 1149 1616 1219 σεσωσμένης.

255 1240 410 1292 ΑΓΓ.
441 1235 557 1291 ἐπεὶ
581 1235 854 1305 Κρέοντος
879 1245 1003 1298 παῖς
1029 1230 1055 1288 ὁ
1082 1239 1180 1304 γῆς
1203 1229 1543 1304 ὑπερθανών
1800 1246 1911 1290 1090

447 1318 677 1390 πύργων
703 1315 788 1373 ἐπ’
819 1315 1006 1389 ἄκρων
1031 1316 1158 1383 στὰς
1182 1317 1516 1389 μελάνδετον
1541 1319 1698 1389 ξίφος

443 1409 653 1476 λαιμῶν
678 1407 833 1474 διῆκε
858 1408 988 1476 τῇδε
1012 1409 1081 1475 γῇ
1107 1403 1397 1475 σωτήριον,

446 1489 642 1560 λόχους
667 1494 882 1559 ἔνειμεν
907 1487 1039 1545 ἑπτὰ
1062 1490 1153 1543 καὶ
1178 1491 1468 1560 λοχαγέτας

444 1575 619 1639 πύλας
644 1570 734 1645 ἐφ’
769 1574 927 1645 ἑπτά,
957 1573 1206 1645 φύλακας
1224 1571 1474 1645 Ἀργείου
1500 1573 1676 1645 δορός,

444 1659 538 1725 σὸς
564 1671 691 1723 παῖς
709 1702 722 1729 ,
750 1661 1019 1730 ἐφέδρους
1044 1657 1107 1714 θ’
1143 1660 1371 1724 ἱππότας
1394 1659 1495 1730 μὲν
1519 1657 1773 1723 ἱππόταις
1799 1670 1909 1714 1095

445 1742 608 1815 ἔταξ’,
636 1740 858 1809 ὁπλίτας
884 1749 915 1799 δ
924 1742 935 1761 '
977 1741 1376 1816 ἀσπιδηφόροις
1404 1749 1508 1814 ἔπι,

447 1827 517 1894 ὥς
541 1835 614 1904 τῷ
642 1835 898 1885 νοσοῦντι
925 1831 1146 1900 τειχέων
1172 1838 1252 1900 εἴη
1283 1828 1446 1899 δορὸς

445 1913 580 1985 ἀλκὴ
609 1911 682 1970 δι’
714 1911 923 1986 ὀλίγου.
950 1914 1244 1987 περγάμων
1270 1911 1321 1970 δ’
1352 1911 1444 1969 ἀπ’
1475 1911 1691 1985 ὀρθίων

444 1999 748 2055 λεύκασπιν
775 2005 1073 2072 εἰσορῶμεν
1093 1998 1355 2071 Ἀργείων
1378 1996 1611 2071 στρατὸν

450 2083 736 2155 Τευμησὸν
766 2085 1056 2141 ἐκλιπόντα
1073 2104 1083 2114 ·
1110 2087 1202 2140 καὶ
1225 2084 1441 2156 τάφρου
1466 2085 1631 2148 πέλας
1803 2096 1911 2138 1100

447 2168 630 2243 δρόμῳ
654 2175 902 2239 συνῆψεν
929 2167 1064 2225 ἄστυ
1092 2175 1373 2240 Καδμείας
1395 2167 1610 2239 χθονός.

445 2253 615 2310 παιὰν
641 2254 700 2309 δὲ
726 2255 818 2309 καὶ
841 2253 1134 2325 σάλπιγγες
1159 2255 1457 2309 ἐκελάδουν
1480 2249 1619 2324 ὁμοῦ

447 2341 665 2395 ἐκεῖθεν
693 2344 751 2394 ἔκ
775 2361 833 2394 τε
856 2342 1080 2410 τειχέων
1103 2336 1259 2410 ἡμῶν
1282 2338 1443 2409 πάρα.

445 2426 538 2480 καὶ
563 2430 750 2496 πρῶτα
775 2424 875 2495 μὲν
899 2429 1142 2496 προσῆγε
1162 2429 1431 2494 Νηίσταις
1455 2422 1652 2487 πύλαις

445 2507 607 2579 λόχον
633 2522 932 2565 πυκναῖσιν
956 2506 1180 2564 ἀσπίσιν
1205 2507 1510 2581 πεφρικότα
1804 2519 1912 2562 1105

446 2590 474 2650 ὁ
505 2599 597 2664 τῆς
620 2600 869 2665 κυναγοῦ
895 2601 1321 2665 Παρθενοπαῖος
1358 2599 1596 2663 ἔκγονος,

449 2675 667 2749 ἐπίσημ’
698 2685 836 2749 ἔχων
862 2684 1066 2734 οἰκεῖον
1090 2682 1149 2734 ἐν
1172 2681 1317 2753 μέσῳ
1346 2677 1517 2748 σάκει,

450 2763 730 2835 ἑκηβόλοις
754 2763 988 2830 τόξοισιν
1011 2760 1340 2834 Ἀταλάντην
1365 2762 1578 2834 κάπρον

446 2850 811 2920 χειρουμένην
836 2848 1104 2904 Αἰτωλόν.
1134 2853 1209 2912 εἰς
1236 2846 1293 2904 δὲ
1314 2851 1612 2920 Προιτίδας
