2018 3117
269 77 371 126 412

267 902 377 951 XO.

260 1157 369 1206 ET.

252 1594 344 1643 10.

885 77 1264 124 ΦΟῙΝΙΣΣΑΙ

461 213 582 273 ἀλλ’
615 223 689 282 είς
713 217 774 272 σὲ
797 222 967 272 τείνει
994 222 1172 273 τῶνδε
1199 218 1448 285 διάλυσις
1472 228 1676 293 κακῶν,
1853 236 1935 280 435

463 308 631 373 μῆτερ
647 344 660 371 ,
689 301 1056 368 διαλλάξασαν
1081 299 1366 374 ὁμογενεῖς
1391 310 1587 375 φίλους

459 391 667 442 παῦσαι
691 385 881 442 πόνων
905 410 973 458 με
998 389 1090 442 καὶ
1115 387 1175 444 σὲ
1199 390 1291 444 καὶ
1316 395 1499 445 πᾶσαν
1524 389 1703 446 πόλι-ν.

461 470 628 526 πάλαι
652 471 754 542 μὲν
784 463 889 527 οὖν
913 469 1195 545 ὑμνηθέν,
1224 470 1346 529 ἀλλ’
1375 470 1520 545 ὅμως
1546 477 1652 546 ε’ρῶ
1668 493 1678 503 ·

457 554 523 610 τὰ
544 552 779 627 χρήματ’
808 554 1156 629 ἀνθρώποισι
1180 557 1474 630 τιμιῶτατα

457 640 698 712 δύναμίν
727 664 785 696 τε
812 648 1075 714 πλείστην
1098 650 1209 699 τῶν
1235 647 1294 700 ἐν
1319 641 1640 717 ἀνθρώποις
1665 652 1788 718 ἔχει.
1847 662 1933 705 440

453 722 568 797 ἆγῶ
594 725 822 798 μεθήκω
854 731 1021 800 δεῦρο
1052 735 1260 800 μυρίαν
1287 726 1439 801 ἷὲγων

451 811 683 882 λόγχην·
709 813 878 883 πένης
902 812 1006 885 γὰρ
1034 811 1203 870 οὐδὲν
1229 812 1459 887 εὐγενὴς
1487 813 1645 889 ἀνήρ.

449 899 542 951 καὶ
571 895 682 968 μὴν
701 893 983 970 Ἐτεοκλῆς
1012 905 1086 964 είς
1113 898 1411 972 διαλλαγὰς
1437 899 1532 957 ὅδε

450 995 643 1054 χωρεῖ·
672 980 772 1037 σὸν
800 989 992 1054 ἔργον,
1019 990 1188 1057 μῆτερ
1211 982 1478 1058 Ἰοκάστη,
1511 989 1696 1059 λέγειν

449 1067 701 1123 τοιούσδε
726 1067 945 1165 μύθους
971 1066 1051 1134 οἷς
1080 1071 1384 1137 διαλλάξεις
1408 1074 1588 1128 τέκνα.
1844 1088 1928 1131 445

443 1158 638 1223 μῆτερ,
668 1152 892 1223 πάρειμι
934 1156 1100 1223 τήνδε
1127 1170 1213 1208 σοι
1240 1158 1401 1224 χάριν
1429 1161 1642 1223 διδούς·

447 1245 518 1311 ῶς
544 1243 686 1317 ἀμφὶ
711 1252 859 1316 τείχη
886 1269 978 1300 και
1003 1247 1313 1316 ξυνωρίδας
1338 1244 1517 1315 λοχων

444 1331 661 1387 τάσσων
691 1333 919 1401 ἐπέσχον
944 1329 1135 1400 πόλιν,
1167 1327 1314 1396 ὅπως
1341 1329 1569 1401 κλύοιμί
1591 1347 1693 1386 σου

442 1415 630 1481 κοινὰς
655 1422 947 1488 βραβείας,
974 1411 1059 1481 αἷς
1085 1413 1446 1472 ὑπόσπονδον
1474 1422 1665 1486 μολεῖν
1779 1407 1785 1412 ’
1837 1429 1923 1472 450

446 1499 600 1559 τόνδ’
636 1504 886 1568 εἰσεδέξω
913 1504 1139 1572 τειχέων
1163 1501 1397 1558 πείσασά
1424 1524 1507 1572 με.

437 1591 676 1658 ἐπίσχες·
705 1584 859 1643 οὗτοι
879 1585 940 1642 τὸ
965 1584 1101 1658 ταχὺ
1125 1585 1226 1658 τὴν
1255 1591 1418 1658 δίκην
1444 1592 1580 1656 ἔχει·

441 1678 666 1745 βραδεῖς
693 1673 754 1729 δὲ
778 1678 953 1744 μῦθοι
982 1680 1239 1727 πλεῖστον
1265 1669 1538 1727 άνύουσιν
1562 1670 1758 1742 σοφόν.

440 1758 645 1861 σχάσον
674 1759 735 1814 δὲ
765 1756 954 1814 δεινὸν
985 1754 1133 1829 ὄμμα
1163 1759 1256 1812 καὶ
1279 1763 1471 1829 θυμοῦ
1497 1755 1698 1821 πνοάς·

439 1841 505 1899 οὐ
533 1867 638 1915 γαρ
665 1842 724 1900 τὸ
757 1842 1128 1914 λαιμότμητον
1155 1848 1368 1917 εἰσορᾷς
1394 1842 1535 1914 κάρα
1838 1855 1922 1898 455

438 1929 746 2001 Γοργόνος,
776 1926 1025 1999 αδελφὸν
1051 1925 1104 1984 δ’
1139 1934 1354 2002 εἰσορᾷς
1380 1925 1585 2000 ηκοντα
1611 1925 1727 1982 σόν.

438 2013 507 2069 σύ
539 2012 588 2069 τ’
619 2015 690 2069 az}
718 2014 1019 2083 πρόσωπον
1043 2037 1181 2086 προς
1205 2020 1541 2085 κασίγνητον
1565 2014 1784 2084 στρέφε,

434 2099 802 2163 Πολύνεικες·
833 2104 909 2163 εἰς
934 2122 1039 2171 γαρ
1065 2099 1264 2155 ταύτὸν
1289 2118 1492 2170 ομμασι
1518 2099 1741 2169 βλέπων

438 2186 608 2251 λέξεις
634 2182 683 2239 τ’
715 2181 870 2254 άμειι
883 2207 946 2238 ον
970 2185 1142 2239 τοῦδέ
1163 2182 1213 2238 τ’
1244 2186 1449 2250 ἐνδέξει
1474 2182 1693 2254 λόγους.

435 2271 763 2341 παραινέσαι
788 2268 849 2324 δὲ
875 2273 1035 2342 σφῷν
1064 2292 1114 2324 τι
1140 2268 1411 2340 βούλομαι
1437 2267 1614 2339 σοφόν
1631 2285 1642 2295 ·
1838 2281 1922 2325 460

438 2351 571 2410 ὅταν
598 2360 760 2426 φίλος
785 2378 865 2418 τις
889 2350 1054 2423 άνδρὶ
1078 2356 1371 2425 θυμωθεὶς
1400 2359 1545 2427 φίλῳ

439 2446 514 2505 εἰς
541 2435 602 2495 ἓν
627 2438 925 2495 συνελθῶν
953 2436 1150 2510 ὄμματ’
1180 2435 1420 2510 ὄμμασιν
1446 2443 1602 2512 διδῷ,

438 2521 529 2596 ἐφ’
559 2521 705 2580 οἷσιν
731 2522 870 2597 ἥκει,
900 2530 1071 2580 ταῦτα
1095 2522 1196 2596 χρὴ
1222 2524 1396 2596 μόνον
1422 2536 1667 2593 σκοπεῖν,

441 2615 630 2665 κακῶν
657 2609 717 2665 δὲ
742 2616 853 2665 τῶν
879 2611 1012 2679 πρὶν
1042 2610 1279 2681 μηδενὸς
1304 2615 1503 2681 μνείαν
1529 2615 1690 2680 ἔχειν.

437 2695 598 2766 λόγος
622 2695 723 2766 μὲν
750 2687 855 2750 οὖν
881 2692 975 2760 σὸς
1003 2695 1246 2765 πρόσθε,
1275 2695 1618 2759 Πολύνεικες
1643 2693 1870 2749 τέκνον·

436 2778 506 2835 σὺ
533 2778 637 2851 γὰρ
664 2779 974 2851 στράτευμα
991 2784 1295 2836 Δαναϊδῶν
1318 2777 1468 2852 ἥκεις
1494 2777 1663 2851 ἄγων,
1836 2791 1921 2836 466

444 2892 609 2953 ἦλθον.
654 2901 702 2942 τί
727 2895 814 2955 χρὴ
841 2898 981 2953 δρᾶν;
1018 2893 1195 2956 ἆρχέτω
1229 2898 1282 2943 δέ
1314 2916 1383 2950 τις
1417 2895 1581 2955 λόγου·
1834 2903 1915 2943 447
