2018 3117
191 107 293 158 262

195 255 302 305 ΟΡ.

191 340 323 391 ΜΕ.

197 425 304 474 ΟΡ.

193 509 323 558 ΜΕ.

198 593 304 642 ΟΡ.

195 678 324 727 ΜΕ.

199 762 305 812 ΟΡ.

204 1441 319 1490 ΧΟ.

205 1695 311 1744 ΟΡ.

210 2624 321 2673 ΤΥ.

858 103 1174 150 ΟΡΕΣΤΗΣ

383 255 584 303 θανεῖν
619 241 710 301 ὑπ’
740 241 924 298 ἆστῶν
948 247 1191 315 λευσίμῳ
1218 240 1545 312 πετρώματι.

378 324 499 406 κᾷτ’
529 327 653 400 οὐχὶ
678 327 904 400 φεύγεις
929 333 1028 399 γῆς
1053 323 1386 396 ὑπερβαλών
1410 322 1604 396 ὅρους;

380 415 564 490 κύκλῳ
591 412 694 486 γὰρ
723 412 1077 483 εἱλισσόμεθα
1102 409 1434 481 παγχάλκοις
1458 406 1663 473 ὅπλοις.

379 505 492 574 ἰδίᾳ
517 498 652 572 πρὸς
678 501 897 570 ἐχθρῶν
921 493 954 568 ἢ
980 494 1115 569 πρὸς
1134 492 1382 566 Ἀργείας
1405 493 1592 564 χερός;
1763 505 1847 548 445

380 585 602 641 πάντων
629 581 765 654 πρὸς
791 580 996 652 ἀστῶν,
1025 577 1096 646 ῶς
1120 580 1305 635 θάνω·
1333 576 1541 650 βραχὺς
1565 577 1739 648 λόγος.

384 662 427 724 ῶ
454 672 669 741 μέλεος,
697 665 847 740 ἥκεις
871 669 1155 738 ξυμφορᾶς
1185 671 1258 730 είς
1278 663 1596 733 τοῦσχατον.

388 760 463 819 είς
488 751 538 810 σ’
569 755 719 818 ἐλπὶς
757 748 868 824 ἡμὴ
915 747 1236 822 καταφυγὰς
1262 755 1370 819 ἔχει
1395 753 1598 802 κακῶν.

390 836 508 895 ἀλλ’
539 836 749 903 ἀθλίως
773 836 1112 909 πράσσουσιν
1140 831 1371 905 εὐτυχὴς
1395 830 1580 903 μολῶν

387 923 614 995 μετάδος
640 929 850 994 φίλοισι
875 934 1020 977 σοῖσι
1042 925 1139 991 σῆς
1166 916 1476 991 εὐπραξίας,
1768 927 1853 970 450

388 1011 480 1064 καὶ
504 1006 576 1079 μὴ
603 1007 768 1079 μόνος
794 1005 854 1061 τὸ
878 1004 1115 1076 χρηστὸν
1139 1001 1438 1075 ἀπολαβων
1462 1008 1564 1073 ἔχε,

386 1091 507 1149 ἀλλ’
537 1090 825 1159 ἀντιλάζου
849 1092 942 1145 καὶ
969 1089 1158 1146 πόνων
1183 1092 1242 1144 ἐν
1265 1093 1339 1161 τῷ
1366 1089 1536 1158 μέρει,

385 1179 605 1251 χάριτας
631 1174 882 1251 πατρῴας
909 1178 1140 1230 ἐκτίνων
1173 1175 1225 1238 ἐς
1253 1172 1351 1238 οὕς
1388 1189 1449 1227 σε
1475 1177 1575 1227 δεῖ.

390 1261 563 1334 ὄνομα
588 1261 690 1333 γάρ
707 1305 721 1331 ,
751 1267 913 1332 ἔργον
939 1263 971 1314 δ
980 1256 991 1275 '
1023 1256 1125 1314 οὐκ
1151 1263 1371 1327 ἔχουσιν
1396 1261 1451 1312 οὗ
1472 1262 1625 1328 φίλοι

390 1353 446 1404 οἱ
465 1346 537 1418 μὴ
557 1344 639 1402 ’πὶ
663 1359 807 1401 ταῖσι
832 1356 1142 1416 συμφοραῖς
1167 1340 1320 1407 ὄντες
1346 1347 1517 1413 φίλοι.
1771 1352 1856 1395 455

390 1434 481 1488 καὶ
507 1430 615 1503 μὴν
640 1433 859 1504 γέροντι
888 1425 1044 1501 δεῦρ’
1075 1425 1364 1499 ἁμιλλᾶται
1389 1427 1519 1482 ποδὶ

392 1515 419 1575 ὁ
447 1516 794 1588 Σπαρτιάτης
828 1513 1183 1585 Τυνδάρεως,
1211 1511 1593 1584 μελάμπεπλος

391 1607 569 1674 κουρᾷ
592 1625 649 1656 τε
673 1600 953 1672 θυγατρὸς
977 1604 1231 1671 πενθίμω
1257 1596 1604 1668 κεκαρμένος.

392 1686 577 1743 απωλ
533 1710 717 1758 ομην,
743 1686 1025 1741 Μενέλαε·
1062 1681 1389 1784 Τυνδάρεως
1414 1677 1509 1737 όδε

393 1779 591 1872 στείχει
615 1769 751 1843 πρὸς
776 1767 940 1841 ἡμᾶς,
969 1761 1037 1824 οὗ
1061 1764 1278 1840 μάλιστ’
1308 1765 1475 1829 αι’δῶς
1499 1788 1537 1837 μ
1587 1771 1694 1835 ἔχει
1773 1775 1858 1819 460

395 1881 469 1922 εις
495 1853 689 1928 ὄμματ’
720 1858 907 1911 ἐλθεῖν
931 1867 1108 1909 τοῖσιν
1132 1853 1582 1924 ἐξειργασμένοις.

393 1944 485 1997 καὶ
509 1942 612 2013 γάρ
640 1938 696 2012 μ’
727 1946 932 2011 ε”θρεψε
961 1936 1159 2010 μικρὸν
1184 1935 1345 2007 ὄντα,
1372 1933 1547 1992 πολλα
1573 1933 1633 1990 δε

398 2023 659 2098 φιλήματ’
692 2027 976 2095 ἐξέπλησε,
1005 2021 1101 2078 τὸν
1121 2020 1521 2093 Ἀγαμέμνονος

397 2107 550 2167 παῖδ’
580 2107 867 2213 ἀγκάλαισι
891 2109 1236 2180 περιφέρων,
1260 2105 1417 2177 Λήδα
1440 2102 1501 2160 θ’
1531 2101 1655 2175 ἅμα,

395 2196 632 2266 τιμῶντέ
652 2191 708 2264 μ’
739 2191 868 2249 οὐδε
873 2217 906 2248 ν
932 2193 1105 2263 ἡσσον
1129 2188 1163 2264 ἢ
1188 2190 1505 2263 Διοσκόρω·
1775 2199 1858 2243 465

397 2276 505 2349 οἷς,
535 2302 575 2334 ω
601 2279 831 2334 τάλαινα
856 2281 1058 2349 καρδία
1082 2276 1229 2348 ψυχή
1255 2272 1305 2330 τ’
1335 2275 1452 2347 ἐμή,

395 2360 636 2420 ἀπέδωκ
667 2361 894 2435 ἀμοιβας
918 2359 984 2417 οὐ
1010 2361 1191 2426 καλάς.
1221 2365 1344 2415 τίνα
1369 2358 1568 2415 σκότον

394 2449 544 2520 λάβω
570 2447 872 2522 προσώπφς
899 2459 1056 2502 ποῖον
1081 2449 1421 2516 ἐπίπροσθεν
1443 2445 1612 2514 νέφος

396 2540 609 2604 θῶμαι,
636 2535 893 2606 γέροντος
917 2528 1175 2603 ὀμμάτων
1201 2529 1429 2601 φεύγων
1461 2528 1658 2601 κόρας;

394 2624 501 2674 ποῦ
528 2624 636 2672 ποῦ
660 2615 941 2689 θυγατρὸς
964 2622 1058 2687 τῆς
1085 2619 1214 2686 ἐμῆς
1239 2619 1294 2669 ἰ’δ
1300 2637 1339 2668 ω
1367 2614 1548 2684 πόσιν,
1777 2622 1861 2667 470

397 2703 719 2769 Μενέλαον;
745 2703 834 2757 ἐπὶ
857 2699 962 2772 γὰρ
987 2707 1061 2775 τῷ
1085 2699 1574 2771 Κλυταιμνήστρας
1598 2696 1755 2770 τάφῳ

399 2785 526 2856 χοὰς
548 2785 805 2857 χεόμενος
830 2792 1031 2841 ἔκλυον
1057 2781 1129 2849 ῶς
1155 2789 1229 2848 είς
1251 2789 1554 2839 Ναυπλίαν

400 2868 522 2942 ἥκοι
548 2869 654 2926 σὺν
678 2867 855 2945 ἀλόχῳ
882 2867 1149 2941 πολυετὴς
1166 2870 1523 2939 σεσωσμένος.
