<?xml version="1.0" encoding="UTF-8"?>
<!DOCTYPE html PUBLIC "-//W3C//DTD XHTML 1.0 Transitional//EN"
    "http://www.w3.org/TR/xhtml1/DTD/xhtml1-transitional.dtd">
<html xmlns="http://www.w3.org/1999/xhtml" xml:lang="en" lang="en">
 <head>
  <title>
</title>
<meta http-equiv="Content-Type" content="text/html;charset=utf-8" />
  <meta name='ocr-system' content='tesseract 3.04.00' />
  <meta name='ocr-capabilities' content='ocr_page ocr_carea ocr_par ocr_line ocrx_word'/>
</head>
<body>
  <div class='ocr_page' id='page_1' title='image "./euripidistragoe02euriuoft_0495.png"; bbox 0 0 2018 3117; ppageno 0'>
   <div class='ocr_carea' id='block_1_1' title="bbox 784 96 1771 147">
    <p class='ocr_par' dir='ltr' id='par_1_1' title="bbox 784 96 1771 147">
     <span class='ocr_line' id='line_1_1' title="bbox 784 96 1771 147; baseline 0.003 -3"><span class='ocrx_word' id='word_1_1' title='bbox 784 99 1158 145; x_wconf 84' lang='grc' dir='ltr'><em>ΦΟΙΝΙΣΣΑΙ</em></span> <span class='ocrx_word' id='word_1_2' title='bbox 1671 96 1771 147; x_wconf 78' lang='grc'><strong><em>445</em></strong></span> 
     </span>
    </p>
   </div>
   <div class='ocr_carea' id='block_1_2' title="bbox 136 233 1493 309">
    <p class='ocr_par' dir='ltr' id='par_1_2' title="bbox 136 233 1493 309">
     <span class='ocr_line' id='line_1_2' title="bbox 136 233 1493 309; baseline 0 -18"><span class='ocrx_word' id='word_1_3' title='bbox 136 241 234 291; x_wconf 89' lang='grc' dir='ltr'><strong><em>ΑΓ</em></strong></span> <span class='ocrx_word' id='word_1_4' title='bbox 229 241 280 291; x_wconf 88' lang='grc' dir='ltr'><em>Γ</em></span> <span class='ocrx_word' id='word_1_5' title='bbox 319 233 486 292; x_wconf 69' lang='grc' dir='ltr'><strong><em>ἄκουε</em></strong></span> <span class='ocrx_word' id='word_1_6' title='bbox 511 236 578 307; x_wconf 90' lang='grc' dir='ltr'><strong><em>δή</em></strong></span> <span class='ocrx_word' id='word_1_7' title='bbox 601 259 708 292; x_wconf 90' lang='grc' dir='ltr'><strong><em>νυν</em></strong></span> <span class='ocrx_word' id='word_1_8' title='bbox 734 239 825 292; x_wconf 86' lang='grc' dir='ltr'><strong><em>καὶ</em></strong></span> <span class='ocrx_word' id='word_1_9' title='bbox 854 235 919 292; x_wconf 77' lang='grc' dir='ltr'><strong><em>τὰ</em></strong></span> <span class='ocrx_word' id='word_1_10' title='bbox 943 235 1078 309; x_wconf 87' lang='grc' dir='ltr'><strong><em>πρὸς</em></strong></span> <span class='ocrx_word' id='word_1_11' title='bbox 1101 237 1313 302; x_wconf 81' lang='grc' dir='ltr'><strong><em>τούτοις</em></strong></span> <span class='ocrx_word' id='word_1_12' title='bbox 1337 236 1493 292; x_wconf 84' lang='grc' dir='ltr'><strong><em>κακά.</em></strong></span> 
     </span>
    </p>
   </div>
   <div class='ocr_carea' id='block_1_3' title="bbox 316 319 1776 2742">
    <p class='ocr_par' dir='ltr' id='par_1_3' title="bbox 316 319 1439 390">
     <span class='ocr_line' id='line_1_3' title="bbox 316 319 1439 390; baseline 0.002 -17"><span class='ocrx_word' id='word_1_13' title='bbox 316 319 388 383; x_wconf 80' lang='grc' dir='ltr'><strong><em>ὠς</em></strong></span> <span class='ocrx_word' id='word_1_14' title='bbox 411 321 515 388; x_wconf 80' lang='grc' dir='ltr'><strong><em>γὰρ</em></strong></span> <span class='ocrx_word' id='word_1_15' title='bbox 540 322 710 373; x_wconf 82' lang='grc' dir='ltr'><strong><em>τέκνω</em></strong></span> <span class='ocrx_word' id='word_1_16' title='bbox 737 321 957 374; x_wconf 83' lang='grc' dir='ltr'><strong><em>πεσόντ’</em></strong></span> <span class='ocrx_word' id='word_1_17' title='bbox 989 323 1266 390; x_wconf 83' lang='grc' dir='ltr'><strong><em>ἐλειπέτην</em></strong></span> <span class='ocrx_word' id='word_1_18' title='bbox 1289 325 1439 390; x_wconf 89' lang='grc' dir='ltr'><strong><em>βίον,</em></strong></span> 
     </span>
    </p>

    <p class='ocr_par' dir='ltr' id='par_1_4' title="bbox 316 400 1771 643">
     <span class='ocr_line' id='line_1_4' title="bbox 316 400 1409 478; baseline 0.002 -20"><span class='ocrx_word' id='word_1_19' title='bbox 316 406 377 458; x_wconf 84' lang='grc' dir='ltr'><strong><em>ἐν</em></strong></span> <span class='ocrx_word' id='word_1_20' title='bbox 402 408 542 478; x_wconf 77' lang='grc' dir='ltr'><strong><em>τῷδε</em></strong></span> <span class='ocrx_word' id='word_1_21' title='bbox 566 403 738 475; x_wconf 91' lang='grc' dir='ltr'><strong><em>μήτηρ</em></strong></span> <span class='ocrx_word' id='word_1_22' title='bbox 768 400 800 474; x_wconf 85' lang='grc' dir='ltr'>ἡ</span> <span class='ocrx_word' id='word_1_23' title='bbox 826 403 1054 459; x_wconf 90' lang='grc' dir='ltr'><strong><em>τάλαινα</em></strong></span> <span class='ocrx_word' id='word_1_24' title='bbox 1075 410 1409 476; x_wconf 79' lang='grc' dir='ltr'><strong><em>προσπίτνει.</em></strong></span> 
     </span>
     <span class='ocr_line' id='line_1_5' title="bbox 318 484 1771 560; baseline 0.001 -18"><span class='ocrx_word' id='word_1_25' title='bbox 318 490 686 559; x_wconf 79' lang='grc' dir='ltr'><strong><em>τετρωμένους</em></strong></span> <span class='ocrx_word' id='word_1_26' title='bbox 711 484 762 542; x_wconf 88' lang='grc' dir='ltr'><strong><em>δ’</em></strong></span> <span class='ocrx_word' id='word_1_27' title='bbox 793 492 989 542; x_wconf 83' lang='grc' dir='ltr'><strong><em>ἰδοῦσα</em></strong></span> <span class='ocrx_word' id='word_1_28' title='bbox 1012 493 1260 559; x_wconf 80' lang='grc' dir='ltr'><strong><em>καιρίους</em></strong></span> <span class='ocrx_word' id='word_1_29' title='bbox 1282 487 1497 560; x_wconf 79' lang='grc' dir='ltr'><strong><em>σφαγὰς</em></strong></span> <span class='ocrx_word' id='word_1_30' title='bbox 1668 502 1771 545; x_wconf 82' lang='lat'><strong>1431</strong></span> 
     </span>
     <span class='ocr_line' id='line_1_6' title="bbox 319 569 1387 677; baseline 0.001 -52"><span class='ocrx_word' id='word_1_31' title='bbox 319 569 565 646; x_wconf 82' lang='grc' dir='ltr'><strong><em>ω’μωξεν·</em></strong></span> <span class='ocrx_word' id='word_1_32' title='bbox 599 572 640 626; x_wconf 77' lang='grc' dir='ltr'><strong><em>ὠ</em></strong></span> <span class='ocrx_word' id='word_1_33' title='bbox 665 569 813 626; x_wconf 83' lang='grc' dir='ltr'><strong><em>τέκν’</em></strong></span> <span class='ocrx_word' id='word_1_34' title='bbox 820 569 1060 643; x_wconf 81' lang='grc' dir='ltr'><strong><em>,υστέρα</em></strong></span> <span class='ocrx_word' id='word_1_35' title='bbox 1083 572 1387 677; x_wconf 80' lang='grc' dir='ltr'><strong><em>βοηδρόμος</em></strong></span> 
     </span>
    </p>

    <p class='ocr_par' dir='ltr' id='par_1_5' title="bbox 319 652 1518 756">
     <span class='ocr_line' id='line_1_7' title="bbox 319 652 1518 756; baseline 0.001 -46"><span class='ocrx_word' id='word_1_36' title='bbox 319 656 556 756; x_wconf 79' lang='grc' dir='ltr'><strong><em>πάρειμι.</em></strong></span> <span class='ocrx_word' id='word_1_37' title='bbox 583 660 991 727; x_wconf 84' lang='grc' dir='ltr'><strong><em>προσπίτνουσα</em></strong></span> <span class='ocrx_word' id='word_1_38' title='bbox 1017 652 1069 710; x_wconf 89' lang='grc' dir='ltr'><strong><em>δ’</em></strong></span> <span class='ocrx_word' id='word_1_39' title='bbox 1097 658 1156 710; x_wconf 85' lang='grc' dir='ltr'><strong><em>ἐν</em></strong></span> <span class='ocrx_word' id='word_1_40' title='bbox 1180 658 1330 728; x_wconf 88' lang='grc' dir='ltr'><strong><em>μέρει</em></strong></span> <span class='ocrx_word' id='word_1_41' title='bbox 1355 658 1518 711; x_wconf 87' lang='grc' dir='ltr'><strong><em>τέκνα</em></strong></span> 
     </span>
    </p>

    <p class='ocr_par' dir='ltr' id='par_1_6' title="bbox 318 737 1456 811">
     <span class='ocr_line' id='line_1_8' title="bbox 318 737 1456 811; baseline 0.003 -17"><span class='ocrx_word' id='word_1_42' title='bbox 318 737 490 795; x_wconf 79' lang='grc' dir='ltr'><strong><em>ἔκλαι’</em></strong></span> <span class='ocrx_word' id='word_1_43' title='bbox 519 738 744 811; x_wconf 82' lang='grc' dir='ltr'><strong><em>ἐθρήνει</em></strong></span> <span class='ocrx_word' id='word_1_44' title='bbox 767 737 863 794; x_wconf 82' lang='grc' dir='ltr'><strong><em>τὸν</em></strong></span> <span class='ocrx_word' id='word_1_45' title='bbox 886 737 1062 795; x_wconf 82' lang='grc' dir='ltr'><strong><em>πολὺν</em></strong></span> <span class='ocrx_word' id='word_1_46' title='bbox 1086 739 1261 810; x_wconf 90' lang='grc' dir='ltr'><strong><em>μάτην</em></strong></span> <span class='ocrx_word' id='word_1_47' title='bbox 1286 740 1456 797; x_wconf 90' lang='grc' dir='ltr'><strong><em>πόνον</em></strong></span> 
     </span>
    </p>

    <p class='ocr_par' dir='ltr' id='par_1_7' title="bbox 318 820 1775 978">
     <span class='ocr_line' id='line_1_9' title="bbox 318 820 1775 894; baseline 0.001 -16"><span class='ocrx_word' id='word_1_48' title='bbox 318 821 566 878; x_wconf 87' lang='grc' dir='ltr'><strong><em>στένουσ’</em></strong></span> <span class='ocrx_word' id='word_1_49' title='bbox 574 820 825 894; x_wconf 77' lang='grc' dir='ltr'><strong><em>,ἀδελφή</em></strong></span> <span class='ocrx_word' id='word_1_50' title='bbox 850 820 910 878; x_wconf 85' lang='grc' dir='ltr'><strong><em>θ’</em></strong></span> <span class='ocrx_word' id='word_1_51' title='bbox 939 820 971 893; x_wconf 83' lang='grc' dir='ltr'>ἡ</span> <span class='ocrx_word' id='word_1_52' title='bbox 998 821 1391 892; x_wconf 83' lang='grc' dir='ltr'><strong><em>παρασπίζουσ’</em></strong></span> <span class='ocrx_word' id='word_1_53' title='bbox 1421 821 1590 894; x_wconf 83' lang='grc' dir='ltr'><strong><em>ὁμοῦ·</em></strong></span> <span class='ocrx_word' id='word_1_54' title='bbox 1668 837 1775 881; x_wconf 83' lang='lat'>1435</span> 
     </span>
     <span class='ocr_line' id='line_1_10' title="bbox 318 905 1450 978; baseline 0 -16"><span class='ocrx_word' id='word_1_55' title='bbox 318 929 359 961; x_wconf 90' lang='grc' dir='ltr'><strong><em>ω</em></strong></span> <span class='ocrx_word' id='word_1_56' title='bbox 385 905 706 978; x_wconf 78' lang='grc' dir='ltr'><strong><em>γηροβοσκω</em></strong></span> <span class='ocrx_word' id='word_1_57' title='bbox 733 905 960 978; x_wconf 77' lang='grc' dir='ltr'><strong><em>μητρός,</em></strong></span> <span class='ocrx_word' id='word_1_58' title='bbox 990 908 1030 960; x_wconf 77' lang='grc' dir='ltr'><strong><em>ὠ</em></strong></span> <span class='ocrx_word' id='word_1_59' title='bbox 1057 906 1265 976; x_wconf 90' lang='grc' dir='ltr'><strong><em>γάμους</em></strong></span> <span class='ocrx_word' id='word_1_60' title='bbox 1289 906 1450 977; x_wconf 87' lang='grc' dir='ltr'><strong><em>ε’μους</em></strong></span> 
     </span>
    </p>

    <p class='ocr_par' dir='ltr' id='par_1_8' title="bbox 319 988 1608 1146">
     <span class='ocr_line' id='line_1_11' title="bbox 319 988 1608 1062; baseline 0.001 -16"><span class='ocrx_word' id='word_1_61' title='bbox 319 988 578 1062; x_wconf 76' lang='grc' dir='ltr'><strong><em>προδόντ’</em></strong></span> <span class='ocrx_word' id='word_1_62' title='bbox 614 988 836 1061; x_wconf 79' lang='grc' dir='ltr'><strong><em>άδελφω</em></strong></span> <span class='ocrx_word' id='word_1_63' title='bbox 864 990 1122 1060; x_wconf 80' lang='grc' dir='ltr'><strong><em>φιλτάτω.</em></strong></span> <span class='ocrx_word' id='word_1_64' title='bbox 1152 993 1395 1061; x_wconf 86' lang='grc' dir='ltr'><strong><em>στέρνων</em></strong></span> <span class='ocrx_word' id='word_1_65' title='bbox 1421 989 1471 1045; x_wconf 91' lang='lat'><em>6’</em></span> <span class='ocrx_word' id='word_1_66' title='bbox 1503 988 1608 1047; x_wconf 84' lang='grc' dir='ltr'><strong><em>άπο</em></strong></span> 
     </span>
     <span class='ocr_line' id='line_1_12' title="bbox 320 1072 1491 1146; baseline 0 -16"><span class='ocrx_word' id='word_1_67' title='bbox 320 1072 528 1146; x_wconf 82' lang='grc' dir='ltr'><strong><em>φύσημ’</em></strong></span> <span class='ocrx_word' id='word_1_68' title='bbox 559 1072 707 1139; x_wconf 74' lang='grc' dir='ltr'><strong><em>ἀνεὶς</em></strong></span> <span class='ocrx_word' id='word_1_69' title='bbox 726 1076 1044 1144; x_wconf 86' lang='grc' dir='ltr'><strong><em>δύσθνητον</em></strong></span> <span class='ocrx_word' id='word_1_70' title='bbox 1059 1072 1335 1145; x_wconf 86' lang='grc' dir='ltr'><strong><em>Ἐτεοκλῆς</em></strong></span> <span class='ocrx_word' id='word_1_71' title='bbox 1360 1072 1491 1141; x_wconf 73' lang='grc' dir='ltr'><strong><em>ἅναξ</em></strong></span> 
     </span>
    </p>

    <p class='ocr_par' dir='ltr' id='par_1_9' title="bbox 318 1155 1412 1230">
     <span class='ocr_line' id='line_1_13' title="bbox 318 1155 1412 1230; baseline 0 -16"><span class='ocrx_word' id='word_1_72' title='bbox 318 1155 521 1230; x_wconf 76' lang='grc' dir='ltr'><strong><em>ἤκουσε</em></strong></span> <span class='ocrx_word' id='word_1_73' title='bbox 544 1157 772 1230; x_wconf 79' lang='grc' dir='ltr'><strong><em>μητρός,</em></strong></span> <span class='ocrx_word' id='word_1_74' title='bbox 804 1157 1057 1223; x_wconf 80' lang='grc' dir='ltr'><strong><em>κάπιθεὶς</em></strong></span> <span class='ocrx_word' id='word_1_75' title='bbox 1081 1155 1261 1229; x_wconf 79' lang='grc' dir='ltr'><strong><em>ὑγρὰν</em></strong></span> <span class='ocrx_word' id='word_1_76' title='bbox 1282 1160 1412 1229; x_wconf 88' lang='grc' dir='ltr'><strong><em>χέρα</em></strong></span> 
     </span>
    </p>

    <p class='ocr_par' dir='ltr' id='par_1_10' title="bbox 319 1239 1776 1399">
     <span class='ocr_line' id='line_1_14' title="bbox 320 1239 1776 1314; baseline 0 -16"><span class='ocrx_word' id='word_1_77' title='bbox 320 1241 517 1314; x_wconf 82' lang='grc' dir='ltr'><strong><em>φωνὴν</em></strong></span> <span class='ocrx_word' id='word_1_78' title='bbox 542 1266 642 1314; x_wconf 90' lang='grc' dir='ltr'><strong><em>μεν</em></strong></span> <span class='ocrx_word' id='word_1_79' title='bbox 666 1240 767 1298; x_wconf 82' lang='grc' dir='ltr'><strong><em>οὐκ</em></strong></span> <span class='ocrx_word' id='word_1_80' title='bbox 791 1241 1034 1314; x_wconf 70' lang='grc' dir='ltr'><strong><em>ἀφῆκεν,</em></strong></span> <span class='ocrx_word' id='word_1_81' title='bbox 1061 1239 1319 1313; x_wconf 84' lang='grc' dir='ltr'><strong><em>ὀμμάτων</em></strong></span> <span class='ocrx_word' id='word_1_82' title='bbox 1343 1241 1395 1297; x_wconf 89' lang='grc' dir='ltr'><strong><em>δ’</em></strong></span> <span class='ocrx_word' id='word_1_83' title='bbox 1423 1240 1528 1298; x_wconf 89' lang='grc' dir='ltr'><strong><em>άπο</em></strong></span> <span class='ocrx_word' id='word_1_84' title='bbox 1666 1257 1776 1300; x_wconf 76' lang='lat'>1440</span> 
     </span>
     <span class='ocr_line' id='line_1_15' title="bbox 319 1324 1492 1399; baseline 0 -18"><span class='ocrx_word' id='word_1_85' title='bbox 319 1340 579 1396; x_wconf 86' lang='grc' dir='ltr'><strong><em>προσεῖπε</em></strong></span> <span class='ocrx_word' id='word_1_86' title='bbox 607 1327 891 1399; x_wconf 76' lang='grc' dir='ltr'><strong><em>δακρύοις,</em></strong></span> <span class='ocrx_word' id='word_1_87' title='bbox 921 1324 1057 1382; x_wconf 88' lang='grc' dir='ltr'><strong><em>ω’στε</em></strong></span> <span class='ocrx_word' id='word_1_88' title='bbox 1081 1333 1316 1397; x_wconf 87' lang='grc' dir='ltr'><strong><em>σημῆναι</em></strong></span> <span class='ocrx_word' id='word_1_89' title='bbox 1343 1333 1492 1397; x_wconf 86' lang='grc' dir='ltr'><strong><em>φίλα.</em></strong></span> 
     </span>
    </p>

    <p class='ocr_par' dir='ltr' id='par_1_11' title="bbox 318 1406 1683 1651">
     <span class='ocr_line' id='line_1_16' title="bbox 319 1406 1683 1512; baseline -0.001 -45.999"><span class='ocrx_word' id='word_1_90' title='bbox 319 1406 346 1465; x_wconf 81' lang='grc' dir='ltr'><em>ὃ</em></span> <span class='ocrx_word' id='word_1_91' title='bbox 373 1408 426 1465; x_wconf 87' lang='grc' dir='ltr'><strong><em>δ’</em></strong></span> <span class='ocrx_word' id='word_1_92' title='bbox 456 1413 524 1512; x_wconf 81' lang='grc' dir='ltr'><strong><em>ήν</em></strong></span> <span class='ocrx_word' id='word_1_93' title='bbox 549 1409 626 1466; x_wconf 84' lang='grc' dir='ltr'><strong><em>ἔτ’</em></strong></span> <span class='ocrx_word' id='word_1_94' title='bbox 655 1417 919 1482; x_wconf 73' lang='grc' dir='ltr'><strong><em>ἔμπνους,</em></strong></span> <span class='ocrx_word' id='word_1_95' title='bbox 946 1410 1082 1481; x_wconf 82' lang='grc' dir='ltr'><strong><em>πρὸς</em></strong></span> <span class='ocrx_word' id='word_1_96' title='bbox 1106 1410 1438 1481; x_wconf 75' lang='grc' dir='ltr'><strong><em>κασιγνήτην</em></strong></span> <span class='ocrx_word' id='word_1_97' title='bbox 1464 1408 1517 1465; x_wconf 91' lang='grc' dir='ltr'><strong><em>δ’</em></strong></span> <span class='ocrx_word' id='word_1_98' title='bbox 1548 1408 1683 1466; x_wconf 86' lang='grc' dir='ltr'><strong><em>ἰδων</em></strong></span> 
     </span>
     <span class='ocr_line' id='line_1_17' title="bbox 318 1492 1500 1567; baseline 0.001 -18"><span class='ocrx_word' id='word_1_99' title='bbox 318 1496 517 1565; x_wconf 82' lang='grc' dir='ltr'><strong><em>γραῖάν</em></strong></span> <span class='ocrx_word' id='word_1_100' title='bbox 541 1519 597 1551; x_wconf 92' lang='grc' dir='ltr'><strong><em>τε</em></strong></span> <span class='ocrx_word' id='word_1_101' title='bbox 621 1492 808 1567; x_wconf 86' lang='grc' dir='ltr'><strong><em>μητέρ’</em></strong></span> <span class='ocrx_word' id='word_1_102' title='bbox 838 1493 954 1550; x_wconf 82' lang='grc' dir='ltr'><strong><em>εἷπε</em></strong></span> <span class='ocrx_word' id='word_1_103' title='bbox 977 1501 1320 1565; x_wconf 81' lang='grc' dir='ltr'><strong><em>Πολυνείκης</em></strong></span> <span class='ocrx_word' id='word_1_104' title='bbox 1345 1494 1500 1550; x_wconf 88' lang='grc' dir='ltr'><strong><em>τάδε·</em></strong></span> 
     </span>
     <span class='ocr_line' id='line_1_18' title="bbox 319 1574 1381 1651; baseline 0.001 -18"><span class='ocrx_word' id='word_1_105' title='bbox 319 1574 712 1650; x_wconf 77' lang='grc' dir='ltr'><strong><em>ἀπωλόμεσθα,</em></strong></span> <span class='ocrx_word' id='word_1_106' title='bbox 739 1585 904 1651; x_wconf 86' lang='grc' dir='ltr'><strong><em>μῆτερ</em></strong></span> <span class='ocrx_word' id='word_1_107' title='bbox 922 1598 932 1607; x_wconf 89' lang='grc'><em>·</em></span> <span class='ocrx_word' id='word_1_108' title='bbox 961 1584 1210 1650; x_wconf 83' lang='grc' dir='ltr'><strong><em>οἰκτείρω</em></strong></span> <span class='ocrx_word' id='word_1_109' title='bbox 1238 1579 1298 1634; x_wconf 77' lang='grc' dir='ltr'><strong><em>δὲ</em></strong></span> <span class='ocrx_word' id='word_1_110' title='bbox 1321 1579 1381 1634; x_wconf 75' lang='grc' dir='ltr'><strong><em>σὲ</em></strong></span> 
     </span>
    </p>

    <p class='ocr_par' dir='ltr' id='par_1_12' title="bbox 318 1661 1773 1902">
     <span class='ocr_line' id='line_1_19' title="bbox 318 1661 1773 1734; baseline 0.001 -17"><span class='ocrx_word' id='word_1_111' title='bbox 318 1664 410 1717; x_wconf 82' lang='grc' dir='ltr'><strong><em>καὶ</em></strong></span> <span class='ocrx_word' id='word_1_112' title='bbox 432 1661 585 1733; x_wconf 86' lang='grc' dir='ltr'><strong><em>τήνδ’</em></strong></span> <span class='ocrx_word' id='word_1_113' title='bbox 617 1661 866 1734; x_wconf 81' lang='grc' dir='ltr'><strong><em>ἀδελφὴν</em></strong></span> <span class='ocrx_word' id='word_1_114' title='bbox 890 1664 980 1717; x_wconf 85' lang='grc' dir='ltr'><strong><em>καὶ</em></strong></span> <span class='ocrx_word' id='word_1_115' title='bbox 1006 1669 1337 1734; x_wconf 76' lang='grc' dir='ltr'><strong><em>κασίγνητον</em></strong></span> <span class='ocrx_word' id='word_1_116' title='bbox 1361 1663 1578 1734; x_wconf 90' lang='grc' dir='ltr'><strong><em>νεκρόν.</em></strong></span> <span class='ocrx_word' id='word_1_117' title='bbox 1667 1675 1773 1719; x_wconf 73' lang='lat'>1445</span> 
     </span>
     <span class='ocr_line' id='line_1_20' title="bbox 321 1744 1596 1819; baseline 0.001 -17"><span class='ocrx_word' id='word_1_118' title='bbox 321 1752 477 1819; x_wconf 84' lang='grc' dir='ltr'><strong><em>φίλος</em></strong></span> <span class='ocrx_word' id='word_1_119' title='bbox 505 1747 608 1819; x_wconf 82' lang='grc' dir='ltr'><strong><em>γὰρ</em></strong></span> <span class='ocrx_word' id='word_1_120' title='bbox 635 1744 830 1817; x_wconf 84' lang='grc' dir='ltr'><strong><em>ἐχθοὸς</em></strong></span> <span class='ocrx_word' id='word_1_121' title='bbox 856 1744 1079 1817; x_wconf 70' lang='grc' dir='ltr'><strong><em>ε’γέ’νετ,</em></strong></span> <span class='ocrx_word' id='word_1_122' title='bbox 1107 1745 1225 1802; x_wconf 85' lang='grc' dir='ltr'><strong><em>αλλ’</em></strong></span> <span class='ocrx_word' id='word_1_123' title='bbox 1253 1744 1398 1818; x_wconf 91' lang='grc' dir='ltr'><strong><em>όμως</em></strong></span> <span class='ocrx_word' id='word_1_124' title='bbox 1423 1753 1596 1818; x_wconf 90' lang='grc' dir='ltr'><strong><em>φίλος.</em></strong></span> 
     </span>
     <span class='ocr_line' id='line_1_21' title="bbox 318 1829 1478 1902; baseline 0 -16"><span class='ocrx_word' id='word_1_125' title='bbox 318 1831 508 1897; x_wconf 85' lang='grc' dir='ltr'><strong><em>θάψον</em></strong></span> <span class='ocrx_word' id='word_1_126' title='bbox 533 1834 597 1887; x_wconf 91' lang='grc' dir='ltr'><strong><em>δέ</em></strong></span> <span class='ocrx_word' id='word_1_127' title='bbox 621 1829 677 1902; x_wconf 87' lang='grc' dir='ltr'><strong><em>μ’</em></strong></span> <span class='ocrx_word' id='word_1_128' title='bbox 708 1833 749 1886; x_wconf 79' lang='grc' dir='ltr'><strong><em>ὠ</em></strong></span> <span class='ocrx_word' id='word_1_129' title='bbox 775 1837 1007 1886; x_wconf 82' lang='grc' dir='ltr'><strong><em>τεκοῦσα</em></strong></span> <span class='ocrx_word' id='word_1_130' title='bbox 1032 1833 1123 1887; x_wconf 84' lang='grc' dir='ltr'><strong><em>καὶ</em></strong></span> <span class='ocrx_word' id='word_1_131' title='bbox 1148 1830 1217 1886; x_wconf 81' lang='grc' dir='ltr'><strong>σύ</strong></span> <span class='ocrx_word' id='word_1_132' title='bbox 1242 1831 1478 1902; x_wconf 89' lang='grc' dir='ltr'><strong><em>σύγγονε</em></strong></span> 
     </span>
    </p>

    <p class='ocr_par' dir='ltr' id='par_1_13' title="bbox 319 1915 1444 2071">
     <span class='ocr_line' id='line_1_22' title="bbox 319 1915 1444 1990; baseline 0.001 -21"><span class='ocrx_word' id='word_1_133' title='bbox 319 1917 378 1969; x_wconf 85' lang='grc' dir='ltr'><strong><em>ἐν</em></strong></span> <span class='ocrx_word' id='word_1_134' title='bbox 401 1921 470 1988; x_wconf 83' lang='grc' dir='ltr'><strong><em>γῇ</em></strong></span> <span class='ocrx_word' id='word_1_135' title='bbox 496 1915 746 1990; x_wconf 71' lang='grc' dir='ltr'><strong><em>πατρῴα,</em></strong></span> <span class='ocrx_word' id='word_1_136' title='bbox 776 1938 868 1970; x_wconf 84' lang='grc' dir='ltr'><strong><em>και</em></strong></span> <span class='ocrx_word' id='word_1_137' title='bbox 897 1916 1059 1971; x_wconf 90' lang='grc' dir='ltr'><strong><em>πόλιν</em></strong></span> <span class='ocrx_word' id='word_1_138' title='bbox 1082 1918 1444 1987; x_wconf 88' lang='grc' dir='ltr'><strong><em>θυμουμένην</em></strong></span> 
     </span>
     <span class='ocr_line' id='line_1_23' title="bbox 319 1996 1420 2071; baseline 0 -17"><span class='ocrx_word' id='word_1_139' title='bbox 319 2013 743 2071; x_wconf 80' lang='grc' dir='ltr'><strong><em>παρηγορεῖτον,</em></strong></span> <span class='ocrx_word' id='word_1_140' title='bbox 771 1996 843 2063; x_wconf 72' lang='grc' dir='ltr'><strong><em>ὡς</em></strong></span> <span class='ocrx_word' id='word_1_141' title='bbox 866 1999 1091 2054; x_wconf 89' lang='grc' dir='ltr'><strong><em>τοσόνδε</em></strong></span> <span class='ocrx_word' id='word_1_142' title='bbox 1114 2005 1253 2070; x_wconf 87' lang='grc' dir='ltr'><strong><em>γοῦν</em></strong></span> <span class='ocrx_word' id='word_1_143' title='bbox 1277 1999 1420 2069; x_wconf 84' lang='grc' dir='ltr'><strong><em>τύχω</em></strong></span> 
     </span>
    </p>

    <p class='ocr_par' dir='ltr' id='par_1_14' title="bbox 316 2081 1776 2240">
     <span class='ocr_line' id='line_1_24' title="bbox 318 2081 1776 2158; baseline 0.001 -20"><span class='ocrx_word' id='word_1_144' title='bbox 318 2083 521 2153; x_wconf 85' lang='grc' dir='ltr'><strong><em>χθονὸς</em></strong></span> <span class='ocrx_word' id='word_1_145' title='bbox 544 2083 820 2158; x_wconf 75' lang='grc' dir='ltr'><strong><em>πατρῴας,</em></strong></span> <span class='ocrx_word' id='word_1_146' title='bbox 847 2089 934 2139; x_wconf 85' lang='grc' dir='ltr'><em>κεί</em></span> <span class='ocrx_word' id='word_1_147' title='bbox 955 2083 1158 2155; x_wconf 81' lang='grc' dir='ltr'><strong><em>δόμους</em></strong></span> <span class='ocrx_word' id='word_1_148' title='bbox 1185 2081 1454 2139; x_wconf 72' lang='grc' dir='ltr'><strong><em>ἀπώλεσα.</em></strong></span> <span class='ocrx_word' id='word_1_149' title='bbox 1668 2096 1776 2139; x_wconf 82' lang='lat'>1450</span> 
     </span>
     <span class='ocr_line' id='line_1_25' title="bbox 316 2168 1485 2240; baseline 0.001 -18"><span class='ocrx_word' id='word_1_150' title='bbox 316 2168 660 2240; x_wconf 81' lang='grc' dir='ltr'><strong><em>ξυνάρμοσον</em></strong></span> <span class='ocrx_word' id='word_1_151' title='bbox 686 2168 746 2223; x_wconf 73' lang='grc' dir='ltr'><strong><em>δὲ</em></strong></span> <span class='ocrx_word' id='word_1_152' title='bbox 769 2168 1019 2238; x_wconf 88' lang='grc' dir='ltr'><strong><em>βλέφαρά</em></strong></span> <span class='ocrx_word' id='word_1_153' title='bbox 1041 2191 1148 2239; x_wconf 90' lang='grc' dir='ltr'><strong><em>μου</em></strong></span> <span class='ocrx_word' id='word_1_154' title='bbox 1172 2173 1236 2240; x_wconf 82' lang='grc' dir='ltr'><strong><em>τῇ</em></strong></span> <span class='ocrx_word' id='word_1_155' title='bbox 1260 2175 1327 2239; x_wconf 82' lang='grc' dir='ltr'><strong><em>σῇ</em></strong></span> <span class='ocrx_word' id='word_1_156' title='bbox 1351 2173 1485 2238; x_wconf 82' lang='grc' dir='ltr'><strong><em>χερί,</em></strong></span> 
     </span>
    </p>

    <p class='ocr_par' dir='ltr' id='par_1_15' title="bbox 321 2249 1549 2324">
     <span class='ocr_line' id='line_1_26' title="bbox 321 2249 1549 2324; baseline -0.002 -16"><span class='ocrx_word' id='word_1_157' title='bbox 321 2258 488 2324; x_wconf 87' lang='grc' dir='ltr'><strong><em>μῆτερ</em></strong></span> <span class='ocrx_word' id='word_1_158' title='bbox 518 2288 577 2293; x_wconf 91' lang='grc'>-</span> <span class='ocrx_word' id='word_1_159' title='bbox 606 2258 794 2323; x_wconf 88' lang='grc' dir='ltr'><strong><em>τίθησι</em></strong></span> <span class='ocrx_word' id='word_1_160' title='bbox 821 2250 872 2306; x_wconf 87' lang='lat'><em>6&#39;</em></span> <span class='ocrx_word' id='word_1_161' title='bbox 903 2250 1067 2316; x_wconf 77' lang='grc' dir='ltr'><strong><em>αὐτὸς</em></strong></span> <span class='ocrx_word' id='word_1_162' title='bbox 1092 2249 1348 2323; x_wconf 86' lang='grc' dir='ltr'><strong><em>ὀμμάτων</em></strong></span> <span class='ocrx_word' id='word_1_163' title='bbox 1374 2257 1461 2306; x_wconf 84' lang='grc' dir='ltr'><strong><em>ἔπι</em></strong></span> <span class='ocrx_word' id='word_1_164' title='bbox 1489 2286 1549 2292; x_wconf 92' lang='lat'><strong><em>—-</em></strong></span> 
     </span>
    </p>

    <p class='ocr_par' dir='ltr' id='par_1_16' title="bbox 322 2334 1603 2491">
     <span class='ocr_line' id='line_1_27' title="bbox 322 2334 1603 2407; baseline -0.001 -17"><span class='ocrx_word' id='word_1_165' title='bbox 322 2339 414 2391; x_wconf 79' lang='grc' dir='ltr'><strong><em>καὶ</em></strong></span> <span class='ocrx_word' id='word_1_166' title='bbox 440 2334 645 2407; x_wconf 84' lang='grc' dir='ltr'><strong><em>χαίρετ’</em></strong></span> <span class='ocrx_word' id='word_1_167' title='bbox 665 2356 676 2365; x_wconf 87' lang='grc'><em>·</em></span> <span class='ocrx_word' id='word_1_168' title='bbox 709 2335 812 2407; x_wconf 79' lang='grc' dir='ltr'><strong><em>ἤδη</em></strong></span> <span class='ocrx_word' id='word_1_169' title='bbox 842 2336 944 2407; x_wconf 88' lang='grc' dir='ltr'><strong><em>γάρ</em></strong></span> <span class='ocrx_word' id='word_1_170' title='bbox 971 2360 1036 2406; x_wconf 92' lang='grc' dir='ltr'><strong><em>με</em></strong></span> <span class='ocrx_word' id='word_1_171' title='bbox 1062 2335 1375 2406; x_wconf 86' lang='grc' dir='ltr'><strong><em>περιβάλλει</em></strong></span> <span class='ocrx_word' id='word_1_172' title='bbox 1399 2335 1603 2401; x_wconf 87' lang='grc' dir='ltr'><strong><em>σκότος.</em></strong></span> 
     </span>
     <span class='ocr_line' id='line_1_28' title="bbox 322 2416 1438 2491; baseline -0.002 -16"><span class='ocrx_word' id='word_1_173' title='bbox 322 2416 485 2490; x_wconf 66' lang='grc' dir='ltr'><strong><em>ἄμφω</em></strong></span> <span class='ocrx_word' id='word_1_174' title='bbox 513 2418 564 2475; x_wconf 83' lang='grc' dir='ltr'><strong><em>δ’</em></strong></span> <span class='ocrx_word' id='word_1_175' title='bbox 596 2417 687 2491; x_wconf 79' lang='grc' dir='ltr'><strong><em>ἅμ’</em></strong></span> <span class='ocrx_word' id='word_1_176' title='bbox 722 2422 1051 2485; x_wconf 81' lang='grc' dir='ltr'><strong><em>ἐξέπνευσαν</em></strong></span> <span class='ocrx_word' id='word_1_177' title='bbox 1075 2417 1273 2474; x_wconf 70' lang='grc' dir='ltr'><strong><em>ἄθλιον</em></strong></span> <span class='ocrx_word' id='word_1_178' title='bbox 1297 2425 1438 2489; x_wconf 84' lang='grc' dir='ltr'><strong><em>βίον.</em></strong></span> 
     </span>
    </p>

    <p class='ocr_par' dir='ltr' id='par_1_17' title="bbox 320 2502 1773 2659">
     <span class='ocr_line' id='line_1_29' title="bbox 320 2502 1773 2575; baseline 0.001 -16"><span class='ocrx_word' id='word_1_179' title='bbox 320 2504 493 2575; x_wconf 88' lang='grc' dir='ltr'><strong><em>μήτηρ</em></strong></span> <span class='ocrx_word' id='word_1_180' title='bbox 521 2502 573 2559; x_wconf 88' lang='grc' dir='ltr'><strong><em>δ’</em></strong></span> <span class='ocrx_word' id='word_1_181' title='bbox 603 2502 751 2567; x_wconf 80' lang='grc' dir='ltr'><strong><em>ὅπως</em></strong></span> <span class='ocrx_word' id='word_1_182' title='bbox 778 2506 952 2558; x_wconf 83' lang='grc' dir='ltr'><strong><em>ἐσεῖδε</em></strong></span> <span class='ocrx_word' id='word_1_183' title='bbox 981 2503 1145 2573; x_wconf 83' lang='grc' dir='ltr'><strong><em>τήνδε</em></strong></span> <span class='ocrx_word' id='word_1_184' title='bbox 1170 2503 1480 2575; x_wconf 76' lang='grc' dir='ltr'><strong><em>συμφοράν,</em></strong></span> <span class='ocrx_word' id='word_1_185' title='bbox 1663 2517 1773 2560; x_wconf 70' lang='grc'>1455</span> 
     </span>
     <span class='ocr_line' id='line_1_30' title="bbox 320 2584 1483 2659; baseline -0.001 -17"><span class='ocrx_word' id='word_1_186' title='bbox 320 2584 742 2658; x_wconf 79' lang='grc' dir='ltr'><strong><em>ὑπερπαθήσασ’</em></strong></span> <span class='ocrx_word' id='word_1_187' title='bbox 771 2584 971 2658; x_wconf 81' lang='grc' dir='ltr'><strong><em>ἤρπασ’</em></strong></span> <span class='ocrx_word' id='word_1_188' title='bbox 1000 2590 1057 2641; x_wconf 84' lang='grc' dir='ltr'><strong><em>ἐκ</em></strong></span> <span class='ocrx_word' id='word_1_189' title='bbox 1084 2593 1297 2659; x_wconf 79' lang='grc' dir='ltr'><strong><em>νεκρῶν</em></strong></span> <span class='ocrx_word' id='word_1_190' title='bbox 1327 2589 1483 2657; x_wconf 84' lang='grc' dir='ltr'><strong><em>ξίφος</em></strong></span> 
     </span>
    </p>

    <p class='ocr_par' dir='ltr' id='par_1_18' title="bbox 321 2667 1465 2742">
     <span class='ocr_line' id='line_1_31' title="bbox 321 2667 1465 2742; baseline 0.001 -17"><span class='ocrx_word' id='word_1_191' title='bbox 321 2668 560 2742; x_wconf 71' lang='grc' dir='ltr'><strong><em>κᾶπραξε</em></strong></span> <span class='ocrx_word' id='word_1_192' title='bbox 587 2670 766 2726; x_wconf 90' lang='grc' dir='ltr'><strong><em>δεινά·</em></strong></span> <span class='ocrx_word' id='word_1_193' title='bbox 805 2669 895 2726; x_wconf 79' lang='grc' dir='ltr'><strong><em>διὰ</em></strong></span> <span class='ocrx_word' id='word_1_194' title='bbox 918 2673 1086 2741; x_wconf 88' lang='grc' dir='ltr'><strong><em>μέσου</em></strong></span> <span class='ocrx_word' id='word_1_195' title='bbox 1111 2670 1212 2742; x_wconf 83' lang='grc' dir='ltr'><strong><em>γὰρ</em></strong></span> <span class='ocrx_word' id='word_1_196' title='bbox 1239 2667 1465 2741; x_wconf 78' lang='grc' dir='ltr'><strong><em>αὐχένος</em></strong></span> 
     </span>
    </p>
   </div>
   <div class='ocr_carea' id='block_1_4' title="bbox 144 2802 462 2809">
    <p class='ocr_par' dir='ltr' id='par_1_19' title="bbox 144 2802 462 2809">
     <span class='ocr_line' id='line_1_32' title="bbox 144 2802 462 2809; baseline 0 308"><span class='ocrx_word' id='word_1_197' title='bbox 144 2802 462 2809; x_wconf 95' lang='lat' dir='ltr'><strong><em> </em></strong></span> 
     </span>
    </p>
   </div>
   <div class='ocr_carea' id='block_1_5' title="bbox 317 2858 1774 2918">
    <p class='ocr_par' dir='ltr' id='par_1_20' title="bbox 317 2858 1774 2918">
     <span class='ocr_line' id='line_1_33' title="bbox 317 2858 1774 2918; baseline 0.003 -15"><span class='ocrx_word' id='word_1_198' title='bbox 317 2876 402 2904; x_wconf 82' lang='grc' dir='ltr'><strong><em>συν</em></strong></span> <span class='ocrx_word' id='word_1_199' title='bbox 433 2858 654 2918; x_wconf 77' lang='grc' dir='ltr'><strong><em>παρθένῳ</em></strong></span> <span class='ocrx_word' id='word_1_200' title='bbox 706 2877 752 2904; x_wconf 88' lang='grc' dir='ltr'><strong><em>τε</em></strong></span> <span class='ocrx_word' id='word_1_201' title='bbox 804 2861 880 2904; x_wconf 83' lang='grc' dir='ltr'><strong><em>καὶ</em></strong></span> <span class='ocrx_word' id='word_1_202' title='bbox 906 2864 1150 2918; x_wconf 80' lang='grc' dir='ltr'><strong><em>προθυμίᾳ</em></strong></span> <span class='ocrx_word' id='word_1_203' title='bbox 1179 2860 1342 2913; x_wconf 83' lang='grc' dir='ltr'><strong><em>ποδός.</em></strong></span> <span class='ocrx_word' id='word_1_204' title='bbox 1666 2867 1774 2909; x_wconf 82' lang='lat'><strong>1430</strong></span> 
     </span>
    </p>
   </div>
  </div>
 </body>
</html>
