2018 3117
51 1801 152 1851 ΠΤ·

43 2817 149 2865 ΟΡ.

425 140 805 187 ΙΦΙΓΕΝΕΙΑ
841 142 900 187 Η
931 143 1032 189 ΕΝ
1070 147 1381 193 ΤΑΥΡΟΙΣ
1655 153 1721 202 65

257 275 379 331 ἔνθ’
399 275 644 348 ’Ἄρτεμίς
666 298 751 334 σοι
771 281 1043 352 σύγγονος
1066 286 1288 356 βωμούς
1312 294 1438 360 ἔχει,

257 368 448 432 λαβεῖν
471 361 520 417 τ’
549 361 767 436 ἄγαλμα
790 372 955 437 θεᾶς,
982 365 1014 423 ὅ
1039 389 1209 436 φασιν
1233 373 1435 429 ἐνθάδε

258 450 334 510 εἰς
357 447 558 503 τούσδε
581 448 752 514 ναοὺς
778 448 1027 520 ούρανοῦ
1053 469 1242 510 πεσεῖν
1266 454 1372 511 ἄπο
1388 477 1398 486 ·

250 531 490 601 λαβόντα
514 538 547 588 δ
555 531 567 550 '
595 530 631 604 ἢ
654 536 931 604 τέχναισιν
954 533 989 608 ἢ
1013 538 1148 611 τύχῃ
1173 547 1299 611 τινί,

250 620 520 672 κίνδυνον
547 618 896 691 ἐκπλήσαντ’,
918 618 1232 692 Ἀθηναίων
1255 629 1422 695 χθονὶ
1658 644 1716 687 90

252 704 478 755 δοῦναι·
507 701 567 757 τὸ
595 700 648 757 δ’
679 702 902 760 ἐνθένδ’
935 704 1102 762 οῦδὲν
1127 710 1339 781 ἐρρήθη
1365 714 1533 773 πέρα·

247 786 340 838 καὶ
364 791 535 841 ταῦτα
561 786 820 858 δράσαντ’
851 787 1097 861 ἀμπνοὰς
1123 796 1266 859 ἕξειν
1291 795 1496 851 πόνων.

249 864 366 937 ἥκω
394 870 454 924 δὲ
480 874 730 937 πεισθεὶς
754 887 870 939 σοῖς
895 875 1143 946 λόγοισιν
1170 879 1375 935 ἐνθάδε

247 949 532 1022 ἄγνωστον
559 963 634 1021 εἰς
660 963 790 1028 γῆν,
818 957 1026 1025 ἄξενον.
1055 962 1114 1017 σὲ
1151 960 1203 1017 δ’
1235 969 1448 1035 ἱστορῶ,

244 1038 506 1109 Πυλαδη,
534 1040 605 1096 σὺ
630 1042 768 1113 γάρ
762 1066 852 1098 ιιοι
877 1050 1041 1100 τοῦδε
1054 1048 1393 1149 συλλήπτωρ
1421 1050 1616 1122 πόνου,
1653 1066 1709 1109 95

243 1145 294 1175 τι
321 1127 567 1193 δρῶμεν;
596 1123 980 1200 αμφιβληστρα
1006 1129 1109 1201 γὰρ
1137 1139 1335 1202 τοίχων
1362 1132 1492 1208 ὁρᾷς

242 1203 454 1277 ῦψηλα·
484 1210 686 1279 πότερα
703 1212 865 1267 κλιιιιῖ
856 1237 979 1269 κων
1004 1217 1411 1288 προσαμβασεις

243 1292 658 1392 ἐκβησόμεσθας
685 1301 800 1360 πῶς
825 1321 894 1352 αν
920 1292 1024 1353 οῦν
1048 1301 1366 1372 λάθοιμεν
1345 1327 1441 1358 αν·
1431 1348 1442 1370 ,

242 1398 274 1444 ῃ
298 1377 668 1445 χαλκότευκτα
692 1387 911 1453 κλῇθρα
933 1383 1198 1449 λύσαντες
1220 1394 1453 1457 μοχλοῖς,

243 1458 343 1515 ὠδ
374 1459 547 1517 οῦδὸν
574 1470 788 1534 ε’σιμεν;
816 1462 886 1536 ἦν
912 1466 964 1523 δ
995 1465 1311 1540 ἀνοίγοντες
1335 1473 1511 1538 πύλας
1621 1490 1706 1531 100

239 1550 548 1616 ληφθωμεν
575 1550 846 1619 εἰσβάσεις
871 1575 928 1606 τε
952 1555 1354 1626 μηχανώμενοι,

239 1629 576 1700 θανούμεθ’.
605 1630 742 1687 ἀλλὰ
767 1637 899 1705 πρὶν
923 1645 1150 1708 θανεῖν,
1176 1639 1315 1704 νεως
1342 1646 1430 1696 ἔπι

239 1714 562 1786 φεύγωμεν,
591 1709 731 1789 ᾗπερ
758 1718 915 1790 δεῦρ’
946 1725 1437 1795 ἐναυστολήσαμεν.

238 1798 472 1869 φεύγειν
497 1801 597 1871 μὲν
625 1800 726 1858 οῦκ
753 1801 985 1861 ἀνεκτὸν
1011 1804 1136 1862 οὐδ’
1167 1809 1469 1881 εἰώθαμεν·

235 1882 332 1938 τὸν
356 1891 455 1939 τοῦ
479 1892 619 1941 θεοῦ
647 1887 707 1942 δὲ
729 1889 976 1960 χρησμὸν
1002 1888 1070 1947 οῦ
1095 1898 1400 1950 κακιστέον.
1618 1913 1700 1954 105

234 1974 376 2023 ναοῦ
403 1974 434 2023 δ
444 1967 456 1987 ’
487 1968 900 2043 ἀπαλλαχθέντε
926 1977 1227 2048 κρύψωμεν
1253 1982 1417 2049 δέμας

234 2050 355 2107 κατ’
386 2051 542 2123 ἄντρ’
575 2053 608 2110 ἂ
632 2058 830 2123 πόντος
856 2066 1034 2116 νοτίδι
1061 2064 1338 2130 διακλύζει
1363 2066 1544 2135 μέλας,

231 2136 370 2202 νεώς
397 2136 653 2212 ἄπωθεν,
679 2143 752 2213 μή
776 2168 856 2208 τις
884 2146 1106 2202 εἰσιδών
1131 2165 1338 2219 σκαφος

232 2229 555 2293 βασιλεῦσιν
581 2234 705 2299 εἰπῃ
741 2251 879 2283 κατα
903 2237 1211 2302 ληφθῶμεν
1235 2239 1346 2306 βια.

235 2304 366 2362 όταν
403 2309 463 2363 δε
487 2310 687 2375 νυκτὸς
714 2309 858 2383 όμμα
882 2322 1113 2385 λυγαιας
1137 2317 1294 2389 μόλῃ,
1443 2368 1446 2370 .
1616 2336 1696 2377 110

232 2396 530 2463 τολμητέον
549 2417 634 2450 τοι
650 2396 840 2462 ξεστὸν
866 2421 924 2453 εκ
950 2407 1090 2456 ναοῦ
1117 2409 1310 2472 λαβεῖν

232 2473 446 2547 ἄγαλμα
470 2478 645 2544 πάσας
669 2486 1048 2553 προσφέροντε
1071 2486 1329 2556 μηχανάς.

232 2557 334 2631 ὅρα
359 2562 420 2617 δὲ
444 2577 599 2633 γεῖσα
623 2567 947 2638 τριγλύφων
972 2566 1098 2624 ὅποι
1123 2570 1289 2626 κενὸν

230 2647 394 2714 δέμας
417 2657 703 2704 καθεῖναι·
730 2650 857 2716 τοῦς
883 2653 1087 2719 πόνους
1119 2679 1223 2727 γαρ
1251 2653 1454 2727 ἁγαθοι

229 2736 492 2801 τολμῶσι,
521 2736 694 2788 δειλοὶ
721 2733 776 2790 δ’
809 2739 948 2792 εἰσὶν
974 2737 1142 2794 ούδεν
1167 2737 1433 2810 οὐδαμοῦ.
1608 2756 1688 2797 115

231 2808 375 2866 οῦτω
400 2837 612 2885 μακρον
636 2842 736 2888 μεν
760 2816 1009 2891 ήλθομεν
1037 2825 1194 2895 κώπῃ
1221 2824 1411 2893 πόρον,

231 2897 289 2949 ἐκ
314 2919 594 2967 τερματων
620 2902 680 2956 δε
703 2904 903 2959 νόστον
928 2903 1172 2976 ἀροῦμεν
1197 2908 1404 2962 πάλιν·
1391 2945 1404 2968 ,

174 2983 1403 3036 nvn1P.v01..II.5
