2018 3117
83 406 187 454 οΡ.

83 573 198 635 ΗΛ.

82 741 186 790 ΟΡ.

73 1667 188 1716 ΠΥ.

73 1835 180 1884 ΟΡ.

71 1920 127 1968 Π
131 1921 186 1968 Τ

73 2004 179 2052 ΟΡ.

70 2089 128 2136 Π
134 2090 189 2137 Τ

73 2173 178 2221 ΟΡ.

750 93 920 139 ΟΡΕΣ
926 95 1064 139 ΤΗΣ
1619 93 1718 144 283

265 236 378 295 πῶς
402 226 471 285 ἂν
499 232 653 301 ξίφος
677 253 756 285 νω
786 228 1014 302 ταύτόν,
1045 236 1096 286 εἰ
1119 233 1309 303 θέμις,
1336 232 1524 287 κτάνοι

266 315 357 369 καὶ
384 320 567 384 μνῆμα
591 312 802 380 δέξαιθ’
832 318 919 385 ἕν,
944 317 1145 386 κέδρου
1174 315 1538 387 τεχνάσματα;

265 395 440 469 ἥδιστ’
471 394 539 453 ἂν
570 406 651 468 εἴη
681 396 847 453 ταῦθ’
867 416 878 426 ’
910 396 1040 472 ὁρᾷς
1070 399 1130 453 δὲ
1155 398 1221 470 δὴ
1249 406 1431 471 φίλων

269 505 340 547 ως
366 478 746 588 ἐσπανίσμεθ’,
778 479 914 537 ω’στε
945 496 1236 538 κοινωνεῖν
1259 483 1455 554 τάφου.
1610 501 1718 542 1055

318 563 591 584 ,,,,,

267 652 553 715 Μενέλαος
577 647 602 706 ὁ
630 649 821 719 κακός,
850 646 877 705 ὁ
915 595 1184 755 προδότης
1212 650 1419 724 τούμοῦ
1444 654 1673 727 πατρός-ς

263 731 387 790 οὐδ’
415 731 544 805 ομμ’
577 736 807 802 ε’,δειξεν
839 730 960 788 ἀλλ’
998 735 1085 789 ἐπι
1112 735 1402 807 σκήπτροις
1427 743 1566 808 ἔχων

266 817 366 890 τὴν
389 815 585 887 ἐλπίδ’,
611 814 900 889 ηὖλαβεῖτο
927 816 1000 888 μὴ
1029 818 1219 885 σώζειν
1246 826 1458 890 φίλους.

264 900 381 958 ἀλλ’
410 899 476 957 εἷ’
506 900 651 966 ὅπως
675 914 900 972 γενναῖα
927 899 1336 973 κᾶγαμέμνονος
1610 919 1717 962 1060

264 986 530 1058 δράσαντε
553 983 970 1057 κατθανούμεθ’
1005 983 1286 1053 ἀξιώτατα.

262 1068 411 1142 καγώ
439 1070 540 1141 μὲν
568 1067 852 1141 εὐγένειαν
876 1068 1151 1137 αποδεῖξαι
1175 1076 1378 1143 [θέλω],

265 1161 459 1219 παίσας
485 1153 618 1226 πρὸς
643 1155 787 1227 ἡπαρ
816 1155 1106 1230 φασγάνω·
1133 1156 1192 1211 σὲ
1215 1152 1267 1211 δ’
1293 1158 1366 1212 αὐ
1389 1180 1567 1229 χρεων

268 1236 430 1309 όμοια
453 1239 718 1309 πράσσειν
740 1252 851 1303 τοῖς
878 1243 1023 1310 ἐμοῖς
1050 1240 1369 1312 τολμήμασι.

259 1323 518 1393 Πυλάδη,
548 1342 616 1378 συ
642 1320 699 1378 δ’
727 1319 873 1423 ἡμῖνς
888 1329 985 1378 τοῦ
1013 1323 1195 1396 φόνου
1222 1331 1392 1395 γενοῦ
1428 1326 1686 1398 βραβεύς,

261 1408 352 1464 καὶ
382 1405 784 1463 κατθανόντοιν
808 1409 870 1463 εὐ
895 1414 1238 1480 περίστειλον
1263 1412 1428 1480 δέμας
1610 1424 1719 1467 1066

261 1491 448 1557 θάψον
471 1514 530 1546 τε
552 1498 711 1564 κοινῇ
739 1489 873 1564 πρὸς
903 1490 1104 1564 πατρὸς
1135 1492 1344 1564 τύμβον
1369 1495 1575 1565 φέρων.

259 1577 352 1631 καὶ
374 1572 521 1647 χαῖρ’
541 1593 552 1603 ·
585 1573 669 1630 ἐπ’
700 1582 862 1647 ἔργον
890 1572 963 1646 δ’,
991 1572 1061 1641 ὣς
1088 1573 1245 1651 ὁρᾷς,
1276 1578 1597 1649 πορεύομαι.

261 1663 489 1731 ἐπίσχες.
523 1655 583 1714 ἓν
605 1660 705 1731 μὲν
735 1659 922 1731 πρῶτά
946 1679 1029 1716 σοι
1052 1660 1278 1733 μομφὴν
1302 1667 1425 1733 ἔχω,

261 1750 311 1800 εἰ
337 1750 432 1816 ζῆν
460 1767 526 1815 με
554 1744 769 1816 χρῄζειν
794 1750 895 1799 σοῦ
919 1744 1192 1810 θανόντος
1215 1743 1464 1816 ἤλπισας.
1609 1759 1718 1804 1070

254 1835 311 1883 τί
333 1827 436 1900 γὰρ
468 1829 731 1900 προσήκει
761 1838 1062 1884 κατθανεῖν
1085 1826 1137 1885 σ’
1167 1832 1300 1900 ἐμοῦ
1327 1833 1489 1902 μέτα;

257 1909 425 2012 ἤρους
450 1918 508 1967 τί
527 1913 587 1968 δε
616 1919 711 1984 ζῆν
741 1917 837 1984 σῆς
863 1914 1129 1985 εταιρείας
1155 1917 1307 1985 ἄτερ;

255 1993 356 2052 οὐκ
384 2002 602 2062 ἔκτανες
626 2001 728 2070 σὴν
747 1999 964 2098 μητέρ’,
995 2010 1066 2064 ως
1087 1999 1189 2069 ἐγώ
1217 2000 1396 2061 τάλας.

258 2078 364 2136 σῦν
390 2086 481 2136 σοί
499 2104 562 2152 γε
586 2086 773 2154 κοινῇ·
801 2078 972 2136 ταῦτα
1000 2084 1092 2138 καὶ
1114 2083 1342 2154 πάσχειν
1366 2105 1432 2154 με
1462 2087 1563 2138 δεῖ.

251 2162 456 2229 ἀπόδος
483 2164 541 2221 τὸ
567 2172 720 2237 σῶμα
745 2172 935 2237 πατρί,
966 2165 1039 2237 μὴ
1065 2167 1388 2239 σύνθνησκέ
1413 2190 1520 2238 μοι.
1610 2180 1718 2224 1075

260 2251 345 2305 σοὶ
372 2249 473 2320 μὲν
495 2252 597 2323 γὰρ
629 2253 739 2305 ἔστι
767 2249 951 2320 πόλις,
976 2253 1093 2322 ἐμοὶ
1121 2256 1153 2307 δ
1160 2249 1173 2269 ’
1205 2249 1306 2308 οὐκ
1332 2258 1443 2308 ἔστι
1472 2250 1557 2322 δή,

261 2335 352 2389 καὶ
376 2339 408 2389 δ
413 2339 532 2404 ὦμα
554 2332 756 2406 πατρὸς
779 2336 870 2390 καὶ
898 2336 1064 2406 μέγας
1088 2336 1329 2392 πλούτου
1354 2334 1536 2406 λιμήν.

257 2418 446 2489 γάμων
470 2420 531 2474 δὲ
553 2424 647 2490 τῆς
674 2418 775 2489 μὲν
799 2419 1118 2489 δυσπότμου
1143 2417 1299 2490 τῆσδ’
1327 2419 1584 2490 ἐσφάλης,

258 2499 329 2572 ἥν
352 2520 436 2557 σοι
459 2500 817 2575 κατηγγύησ’,
849 2505 1120 2573 ἑταιρείαν
1147 2505 1348 2573 σέβων·

258 2584 327 2641 σὺ
353 2583 406 2640 δ’
435 2583 564 2642 άλλο
590 2589 818 2659 λέκτρον
843 2591 1234 2657 παιδοποίησαι
1262 2587 1467 2659 λαβών,
1609 2599 1718 2643 1080

257 2674 422 2741 κῆδος
451 2670 512 2726 δε
535 2668 741 2742 τουμόν
766 2672 857 2726 καὶ
882 2668 983 2726 σὸν
1009 2667 1192 2727 οὐκέτ’
1222 2677 1331 2727 ἔστι
1358 2671 1444 2743 δή.

256 2749 377 2809 ἀλλ’
412 2776 453 2809 ω
480 2753 749 2810 ποθεινὸν
774 2751 932 2826 ὄνομ’
969 2751 1182 2826 ὁμιλίας
1207 2758 1353 2828 ἐμῆς,
