2018 3117
175 101 273 155 150

956 100 1090 147 ΙΩΝ

308 240 663 315 Ἀμαζόνων
686 236 1022 310 σκυλεύματ’
1051 236 1286 311 ἤνεγκεν
1309 246 1444 314 θεῷ.
1724 254 1835 298 1145

363 331 496 399 ἐνῆν
523 324 576 383 δ’
606 323 852 397 ὑφανταὶ
876 340 1191 396 γραμμασιν
1216 322 1414 379 τοιαίδ’
1446 323 1619 398 ὑφαί·

369 410 626 484 Οὐρανὸς
651 407 931 480 ἀθροίζων
957 406 1111 481 ἄστρ’
1141 412 1202 464 ἐν
1225 410 1451 482 αἰθέρος
1475 410 1691 486 κύκλῳ·

363 503 566 562 ἵππους
587 519 689 568 μεν
716 491 914 567 ἤλαυν’
945 500 1020 559 εἰς
1045 500 1368 550 τελευταίαν
1392 495 1574 567 φλόγα

348 580 563 653 ‘'HJ-cog,
592 584 845 654 ἐφέλκων
868 578 1122 683 λαμπρὸν
1143 576 1409 651 Ἑσπέρου
1438 580 1593 651 φάος.

363 692 427 739 με
412 667 748 739 λαμπεπλος
774 665 836 721 δε
858 665 984 733 Νὺξ
1011 663 1316 737 εφείρωτον
1342 671 1525 737 ζυγοῖς
1726 680 1837 722 1150

364 749 524 824 ὄχημ’
555 759 817 808 ἔπαλλεν·
850 770 1023 823 αστρα
1051 748 1103 806 δ’
1134 747 1373 853 ὠμαρέι
1397 757 1522 824 θεᾷ.

363 836 571 903 Πλειὰς
594 861 695 909 μεν
719 835 806 912 ῄει
831 836 1145 934 μεσοπόρου
1170 832 1249 891 δι’
1277 836 1518 908 αἰθέρος,

296 957 305 985 3
365 920 397 978 ὅ
422 947 479 979 τε
511 922 744 995 ξιφήρης
766 920 1003 994 Ὠρίων·
1029 918 1248 994 ὕπερθε
1273 920 1335 976 δὲ

345 1006 578 1081 ’Ἄρκτος
603 1005 905 1080 στρέφουσ’
934 1004 1132 1078 οὐραῖα
1155 1005 1419 1108 χρυσήρει
1444 1006 1613 1082 πόλῳ.

364 1093 567 1159 κύκλος
598 1094 659 1149 δε
683 1096 1025 1164 πανσέληνος
1049 1089 1291 1162 ἠκόντιζ’
1323 1089 1437 1147 ἅνω
1730 1103 1840 1146 1155

370 1177 541 1251 μηνὸς
573 1178 823 1251 διχήρης,
843 1176 1029 1241 Ὑάδες
1054 1200 1111 1231 τε
1134 1182 1417 1242 ναυτίλοις

366 1267 712 1336 σαφέστατον
736 1276 993 1335 σημεῖον,
1021 1257 1056 1333 ἦ
1080 1285 1138 1318 τε
1169 1260 1469 1336 φωσφόρος

351 1347 488 1415 Ἐως
515 1345 779 1404 διώκουσ’
815 1346 1001 1421 ἄστρα.
1028 1354 1293 1419 τοίχοισιν
1326 1346 1377 1404 δ’
1413 1354 1502 1404 ε”πι

371 1433 643 1508 ἤμπισχεν
668 1430 806 1490 ἄλλα
829 1433 1131 1506 βαρβάρων
1158 1430 1475 1506 ὑφάσματα,

369 1517 705 1592 εὐηρέτμους
731 1525 869 1585 ναῦς
895 1516 1083 1584 ἆντιάς
1102 1516 1428 1591 Ἑλληνίσιν,
1730 1530 1838 1574 1160

368 1608 460 1662 καὶ
483 1605 786 1677 μιξόθηρας
814 1611 999 1677 φῶτας
1025 1609 1242 1670 ἱππείας
1269 1602 1318 1659 τ’
1351 1601 1523 1676 ἄγρας

366 1691 590 1763 ἐλάφων
615 1688 861 1746 λεόντων
884 1687 934 1745 τ’
966 1688 1178 1761 ἀγρίων
1203 1688 1515 1761 θηράματα.

365 1774 488 1833 κατ’
522 1775 774 1842 εἰσόδους
806 1775 867 1832 δὲ
891 1778 1154 1847 Κέκροπα
1181 1777 1515 1847 θυγατέρων
1547 1775 1713 1837 πέλας

368 1868 685 1934 σπείραισιν
710 1858 1026 1929 εἱλίσσοντ’,
1053 1858 1370 1932 Ἀθηναίων
1394 1857 1543 1925 τινὸς

369 1945 658 2019 ἀνάθημα,
683 1949 952 2017 χρυσέους
975 1943 1025 2001 τ’
1059 1949 1119 2002 ἐν
1143 1948 1290 2021 μέσῳ
1316 1951 1580 2020 συσσιτίῳ
1732 1956 1841 1999 1165

367 2038 642 2103 κρατῆρας
668 2029 854 2104 ἔστησ’
875 2051 886 2061 ·
915 2035 976 2087 ἐν
1001 2028 1052 2086 δ’
1082 2028 1299 2102 ἄκροισι
1324 2029 1426 2102 βὰς
1451 2031 1579 2086 ποσὶ

368 2120 542 2190 κῆρυξ
571 2114 763 2173 ἀνεῖπε
793 2115 891 2173 τὸν
920 2114 1144 2171 θέλοντ’
1173 2120 1455 2190 ἐγχωρίων

370 2205 422 2267 ἐς
453 2207 613 2258 δαῖτα
640 2215 859 2274 χωρεῖν.
889 2198 960 2265 ὡς
988 2198 1040 2256 δ’
1071 2201 1370 2273 ἐπληρώθη
1394 2203 1576 2272 στέγη,

367 2287 690 2358 στεφάνοισι
715 2288 1089 2358 κοσμηθέντες
1133 2285 1376 2355 εὐόχθου
1421 2292 1591 2357 βορᾶς

369 2371 554 2444 ψυχὴν
581 2372 877 2443 ἐπλήρουν.
908 2368 979 2436 ὡς
1006 2369 1058 2427 δ’
1093 2368 1319 2427 ἀνεῖσαν
1343 2368 1569 2442 ἡδονήν,
1733 2381 1844 2426 1170

370 2466 397 2499 *
421 2467 447 2497 *
486 2457 790 2529 παρελθών
815 2460 1058 2529 πρέσβυς
1084 2462 1159 2521 εἰς
1181 2458 1351 2528 μέσον
1374 2457 1543 2511 πέδον

371 2547 528 2614 ἐστη,
560 2545 739 2613 γέλων
770 2540 824 2598 δ’
856 2549 1027 2613 ἔθηκε
1052 2546 1408 2606 συνδείπνοις
1432 2540 1630 2611 πολύν,

314 2635 316 2638 ’
371 2627 639 2699 πρόθυμα
665 2646 956 2700 πρασσων·
983 2633 1042 2683 ἐκ
1066 2650 1123 2682 τε
1147 2651 1250 2699 γαρ
1281 2643 1550 2712 κρωσσων
1579 2622 1735 2696 ὕδωρ

373 2725 560 2782 χεροῖν
588 2718 793 2783 ἔπεμπε
816 2719 1017 2784 νίπτρα
1044 2710 1355 2784 καξεθυιιία

367 2796 616 2868 σμύρνης
643 2801 848 2868 ίδρωτα
870 2799 1124 2869 χρυσέων
1152 2794 1198 2851 τ’
1234 2795 1571 2866 ἐκπωμάτων
1735 2805 1845 2850 1175

374 2873 520 2954 ἦρχ’,
552 2878 721 2949 αὐτὸς
743 2879 895 2958 αὐτῷ
927 2880 1091 2938 τόνδε
1121 2881 1424 2953 προσταξας
1454 2879 1648 2935 πόνον.
