2018 3117
715 93 1058 140 ΦΟΙΝΙΣΣΑ
1063 94 1093 139 Ι
1615 93 1715 145 435

263 232 438 298 πύλας
462 233 650 305 ἐχώρει
674 230 865 304 σφάγι’
895 238 1032 303 ἔχων
1056 230 1145 303 ἐφ’
1174 231 1370 305 ἅρματι
1613 250 1718 293 1110

267 313 295 373 ὃ
321 317 508 388 μάντις
537 314 896 390 Ἀμφιάραος,
922 314 987 371 ού
1013 315 1191 388 σημεῖ’
1226 324 1364 389 ἔχων

266 398 577 473 ὑβρισμέν’,
603 399 739 455 ἀλλὰ
763 400 1063 473 σωφρόνως
1086 399 1247 473 ἄσημ’
1278 400 1432 458 ὅπλα.

267 482 495 556 Ὠγύγια
520 482 571 540 δ’
601 491 676 549 εἰς
705 482 997 555 πυλώμαθ’
1023 482 1354 557 Ἱππομέδων
1378 485 1508 551 ἅναξ

269 567 463 640 ἔστειχ’
499 574 637 639 ἔχων
660 582 884 640 σημεῖον
909 572 968 623 ἐν
991 571 1135 643 μέσῳ
1161 569 1314 625 σάκει

264 666 495 718 στικτοῖς
519 653 802 724 πανόπτην
825 650 1059 722 ὄμμασιν
1083 654 1396 725 δεδορκότα,
1611 668 1720 711 1115

266 736 331 792 τὰ
355 737 455 808 μὲν
478 736 584 792 σὺν
609 735 824 808 ἄστρων
847 740 1179 793 ἐπιτολαῖσιν
1204 735 1413 810 ὄμματα

264 823 561 892 βλέποντα,
590 820 656 878 τά
680 821 740 876 δὲ
762 820 1071 893 κρύπτοντα
1096 821 1381 878 δυνόντων
1405 825 1553 894 μέτα,

268 902 340 969 ώς
368 903 604 977 ὕστερον
630 905 901 968 θανόντος
927 909 1146 975 εἰσορᾶν
1170 913 1365 977 παρῆν.

265 986 590 1060 Ὁμολωίσιν
615 989 676 1044 δὲ
703 989 854 1054 τάξιν
880 988 986 1058 εἶχε
1010 987 1145 1061 πρὸς
1169 989 1367 1053 πύλαις

273 1073 510 1144 Τυδεύς,
537 1075 752 1137 λέοντος
779 1075 977 1143 δέρος
958 1078 1095 1142 εχων
1120 1071 1205 1128 ἐπ’
1235 1071 1424 1129 ἀσπίδι
1617 1089 1728 1130 1120

264 1163 420 1230 χαίτη
445 1157 735 1229 πεφρικός·
764 1160 912 1229 δεξιᾷ
939 1157 998 1212 δε
1021 1157 1275 1227 λαμπάδα

275 1241 440 1297 Τιταν
462 1240 798 1314 Προμηθεὺς
825 1247 1024 1313 ε’φερεν
1049 1264 1120 1305 ως
1144 1241 1368 1313 πρήσων
1395 1240 1572 1297 πόλιν

266 1323 294 1381 ὃ
321 1326 414 1391 σὸς
437 1327 498 1382 δε
524 1331 852 1398 Κρηναίαισι
874 1331 1235 1430 Hofl-vvaewcm·>
1243 1325 1439 1389 πύλαις

253 1407 388 1482 Αρη
431 1415 698 1480 προσῆγε·
740 1409 1043 1474 Ποτνιάδες
1069 1407 1121 1464 δ’
1150 1407 1235 1465 ἐπ’
1264 1407 1453 1464 άσπίδι

268 1497 500 1566 ἐπισημα
524 1500 694 1549 πῶλοι
719 1493 985 1565 δρομάδες
1010 1497 1273 1565 ἐσκίρτων
1299 1493 1472 1568 φόβῳ,
1616 1507 1724 1549 1125

271 1579 333 1632 εὐ
358 1600 471 1644 πως
495 1578 815 1649 στρόφιγξιν
840 1583 1073 1633 ἔνδοθεν
1096 1577 1467 1648 κυκλούμεναι

271 1660 506 1734 πόρπαχ’
536 1659 634 1717 υπ’
665 1660 861 1732 αὐτόν,
889 1659 1025 1717 ώστε
1049 1668 1345 1732 μαίνεσθαι
1370 1666 1570 1716 δοκεῖν.

267 1743 295 1801 ὁ
320 1744 377 1801 δ’
409 1745 510 1802 ούκ
537 1752 766 1802 ἔλασσον
779 1743 971 1817 ’Ἀρεος
995 1753 1070 1810 εἰς
1094 1746 1269 1817 μάχην
1295 1751 1521 1817 φρονῶν

267 1829 563 1895 Καπανεὺς
587 1836 828 1902 προσῆγε
851 1830 1012 1900 λόχον
1046 1828 1131 1886 ἐπ’
1165 1829 1475 1900 Ἠλέκτραις
1500 1827 1696 1893 πύλαις
1712 1847 1723 1858 ·

272 1914 657 1987 σιδηρονώτοις
682 1911 735 1969 δ’
766 1912 993 1978 ἀσπίδος
1018 1913 1206 1980 τύποις
1235 1917 1371 1984 ἐπῆν
1619 1926 1726 1969 1130

268 2005 424 2070 γίγας
453 1997 539 2055 ἐπ’
570 1996 736 2069 ὤμοις
759 1997 994 2070 γηγενὴς
1019 1996 1152 2070 ὅλην
1180 1998 1341 2054 πόλιν

271 2085 458 2155 φέρων
480 2090 759 2155 μοχλοῖσιν
784 2083 1152 2150 ἐξανασπάσας
1176 2082 1423 2154 βάθρων,

271 2164 540 2223 ὑπόνοιαν
570 2165 701 2239 ἡμῖν
726 2163 814 2222 οἶα
842 2173 1085 2223 πείσεται
1108 2167 1278 2231 πόλις.

273 2265 387 2318 ταῖς
412 2250 467 2308 δ’
500 2249 1067 2324 ἑβδόμαις”Αδραστος
1093 2253 1153 2306 ἐν
1178 2250 1436 2307 πύλαισιν
1460 2240 1548 2320 ἦν,

270 2335 464 2392 ἑκατὸν
487 2340 724 2408 ἐχίδναις
752 2333 943 2392 ἀσπίδ’
971 2338 1282 2407 ἐκπληροῦν
1306 2338 1493 2406 γραφῇ
1621 2344 1726 2387 1135

272 2417 443 2491 ὕδρας
468 2426 607 2492 ἔχων
630 2428 864 2476 λαιοῖσιν
888 2422 947 2475 ἐν
971 2425 1256 2491 βραχίοσιν

264 2501 512 2575 Ἀργεῖον
541 2502 739 2575 αὔχημ’
759 2523 771 2534 ·
798 2506 856 2559 ἐκ
885 2504 945 2559 δὲ
967 2505 1194 2574 τειχέων
1213 2503 1394 2573 μέσων

273 2588 564 2660 δράκοντες
588 2596 788 2660 ἔφερον
811 2590 971 2642 τέκνα
994 2592 1289 2657 Καδμείων
1311 2583 1557 2656 γνάθοις.

274 2679 453 2745 παρῆν
477 2671 529 2728 δ’
558 2673 789 2729 ἑκάστου
813 2673 991 2727 τῶνδέ
1010 2694 1100 2742 μοι
1128 2670 1372 2742 θεάματα

270 2757 524 2828 ξύνθημα
548 2757 922 2828 παραφέροντι
945 2757 1197 2827 ποιμέσιν
1220 2754 1412 2825 λόχων.
1619 2764 1728 2807 1140

267 2842 358 2899 καὶ
383 2847 570 2913 πρῶτα
596 2840 696 2912 μὲν
718 2839 918 2907 τόξοισι
942 2841 1033 2895 καὶ
1056 2841 1416 2911 μεσαγκύλοις

1341 2918 1406 2967 28
1422 2918 1444 2942 *
