2018 3117
131 1398 226 1446 XO

128 1479 234 1527 ΦΡ,

788 56 1100 104 ΟΡΕΣΤΗΣ
1660 56 1763 107 295

323 187 604 241 Λάκαιναν
624 185 823 253 κόραν·
861 179 905 239 ὦ

323 265 458 330 Διὸς
477 278 597 336 παῖ,
635 266 731 329 θὲς
751 273 897 334 ἴχνος

323 351 466 423 πέδῳ
489 347 632 417 δεῦρ’
659 348 938 403 ἀποστᾶσα
957 352 1217 418 κλισμοῦ,
1656 363 1768 408 1440

320 432 566 493 Πέλοπος
590 431 677 484 ἐπὶ
698 430 1038 498 προπάτορος

317 513 485 579 ἕδραν
510 517 741 574 παλαιᾶς
762 512 961 578 ἑστίας,

321 589 386 644 ἵν’
410 594 553 661 εἰδῇς
572 590 770 659 λόγους
795 589 971 659 ἐμούς.

320 670 438 740 ἄγει
463 671 517 725 δ’
543 669 660 740 ἄγει
685 692 800 725 νιν·
839 670 873 724 ἃ
894 667 945 723 δ’
970 667 1227 739 ἐφείπετ’,

317 748 385 806 οὐ
404 751 701 820 πρόμαντις
721 745 799 804 ὦν
819 755 1041 819 ἔμελλεν
1057 773 1068 784 ·
1656 763 1767 808 1445

321 829 347 885 ὁ
380 832 438 885 δὲ
456 829 722 900 συνεργὸς
742 829 861 884 ἀλλ’
892 828 1118 899 ἔπρασσ’

324 912 423 967 ἰών
444 910 607 975 κακὸς
629 911 879 975 Φωκεύς·

321 991 424 1048 οὐκ
443 992 690 1046 ἐκποδών
711 991 801 1061 ἴτ’,
837 990 957 1046 ἀλλ’
984 991 1066 1046 ἀεὶ
1091 994 1247 1047 κακοὶ
1269 993 1507 1063 Φρύγες;

315 1077 505 1144 ἔκλῃσε
521 1070 568 1125 δ’
596 1070 762 1126 ἄλλον
784 1071 969 1126 ἅλλοσ’
999 1076 1058 1127 ἐν
1078 1077 1287 1142 στέγαις
1302 1097 1312 1107 ·

317 1151 445 1216 τούς
465 1153 563 1221 μὲν
581 1154 641 1205 ἐν
662 1161 986 1221 σταθμοῖσιν
1008 1156 1273 1208 ἱππικοῖσι
1287 1196 1301 1223 ,

320 1233 447 1298 τοὺς
476 1232 524 1287 δ’
556 1235 614 1287 ἐν
639 1235 929 1303 ἐξέδραισι,
957 1233 1086 1298 τοὺς
1110 1235 1161 1288 δ’
1184 1233 1346 1288 ἐκεῖσ’
1372 1235 1586 1289 ἐκεῖθεν
1653 1247 1766 1291 1450

318 1311 485 1366 ἄλλον
505 1310 700 1366 ἄλλοσε
721 1314 1019 1383 διαρμόσας
1038 1313 1254 1385 ἀποπρὸ
1277 1319 1579 1379 δεσποίνας.

315 1398 368 1445 τί
383 1389 546 1446 τούπὶ
563 1397 701 1463 τῷδε
722 1400 1012 1464 συμφορᾶς
1033 1397 1271 1464 ἐγίγνετο
1288 1418 1302 1461 3

315 1471 474 1526 Ἰδαία
491 1478 656 1541 μᾶτερ
679 1479 844 1542 μᾶτερ

319 1550 521 1622 ὀβρίμα
542 1552 766 1622 ὀβρίμα,
790 1558 926 1623 αἰαῖ,

318 1640 529 1703 φονίων
557 1638 782 1688 παθέων
805 1634 1027 1705 ἀνόμων
1048 1658 1104 1690 τε
1124 1642 1309 1692 κακῶν
1653 1651 1764 1695 1455

314 1715 448 1782 ἅπερ
470 1719 702 1784 ἔδρακον
724 1720 957 1786 ἔδρακον
978 1719 1035 1771 ἐν
1059 1720 1247 1789 δόμοις
1267 1719 1574 1788 τυράννων.

314 1793 452 1864 ἀμφὶ
471 1798 806 1865 πορφυρέων
835 1801 1056 1853 πέπλων
1077 1796 1184 1853 ὑπὸ
1209 1799 1410 1853 σκότου

315 1878 440 1945 ξίφη
461 1875 764 1939 σπάσαντες
785 1879 843 1929 ἐν
864 1889 1074 1948 χεροῖν,

314 1955 474 2022 ἄλλος
496 1956 692 2013 ἄλλοσε

311 2041 530 2092 δίνασεν
549 2036 718 2108 ὄμμα,
743 2040 815 2108 μή
834 2061 912 2103 τις
930 2040 1122 2110 παρών
1141 2041 1310 2111 τύχοι.

311 2115 382 2182 ὡς
423 2119 622 2189 κάπροι
663 2117 715 2173 δ’
772 2118 1045 2191 ὀρέστεροι
1098 2122 1357 2192 γυναικὸς
1413 2121 1587 2178 ἀντίοι
1635 2139 1765 2178 στα-

856 2204 1048 2268 θέντες
1653 2218 1765 2261 1460

315 2284 601 2335 ἐννέπουσι
619 2304 629 2314 ·
670 2291 934 2336 κατθανεῖ

315 2369 604 2432 κατθανεῖ,
634 2364 800 2426 κακός
819 2361 870 2416 σ’
895 2361 1204 2418 ἀποκτείνει
1233 2363 1415 2432 πόσις,

317 2440 646 2511 κασιγνήτου
668 2443 909 2510 προδοὺς

316 2520 566 2591 ἐν”Αργει
587 2532 782 2578 θανεῖν
803 2524 986 2592 γόνον.

312 2599 345 2656 ἃ
367 2599 416 2655 δ’
443 2600 662 2671 ἀνίαχεν
685 2611 860 2673 ἰάχεν,
896 2602 1032 2673 οἴμοι
1054 2625 1169 2673 μοι·
1649 2617 1761 2660 1465

313 2682 514 2739 λευκὸν
534 2683 583 2738 δ’
608 2689 916 2757 ἐμβαλοῦσα
935 2693 1113 2757 πῆχυν
1132 2690 1376 2757 στέρνοις
1389 2728 1406 2758 ,
