<?xml version="1.0" encoding="UTF-8"?>
<!DOCTYPE html PUBLIC "-//W3C//DTD XHTML 1.0 Transitional//EN"
    "http://www.w3.org/TR/xhtml1/DTD/xhtml1-transitional.dtd">
<html xmlns="http://www.w3.org/1999/xhtml" xml:lang="en" lang="en">
 <head>
  <title>
</title>
<meta http-equiv="Content-Type" content="text/html;charset=utf-8" />
  <meta name='ocr-system' content='tesseract 3.04.00' />
  <meta name='ocr-capabilities' content='ocr_page ocr_carea ocr_par ocr_line ocrx_word'/>
</head>
<body>
  <div class='ocr_page' id='page_1' title='image "./euripidistragoe02euriuoft_0420.png"; bbox 0 0 2018 3117; ppageno 0'>
   <div class='ocr_carea' id='block_1_1' title="bbox 255 92 359 148">
    <p class='ocr_par' dir='ltr' id='par_1_1' title="bbox 255 92 359 148">
     <span class='ocr_line' id='line_1_1' title="bbox 255 92 359 148; baseline 0 -1"><span class='ocrx_word' id='word_1_1' title='bbox 255 92 359 148; x_wconf 83' lang='lat'><em>370</em></span> 
     </span>
    </p>
   </div>
   <div class='ocr_carea' id='block_1_2' title="bbox 259 496 381 548">
    <p class='ocr_par' dir='ltr' id='par_1_2' title="bbox 259 496 381 548">
     <span class='ocr_line' id='line_1_2' title="bbox 259 496 381 548; baseline -0.041 0"><span class='ocrx_word' id='word_1_2' title='bbox 259 496 381 548; x_wconf 85' lang='lat' dir='ltr'><em>AN.</em></span> 
     </span>
    </p>
   </div>
   <div class='ocr_carea' id='block_1_3' title="bbox 895 91 1244 139">
    <p class='ocr_par' dir='ltr' id='par_1_3' title="bbox 895 91 1244 139">
     <span class='ocr_line' id='line_1_3' title="bbox 895 91 1244 139; baseline 0 -1"><span class='ocrx_word' id='word_1_3' title='bbox 895 91 1244 139; x_wconf 76' lang='grc' dir='ltr'><em>ΤΡΩῙΛΔΕΣ</em></span> 
     </span>
    </p>
   </div>
   <div class='ocr_carea' id='block_1_4' title="bbox 444 224 1919 2937">
    <p class='ocr_par' dir='ltr' id='par_1_4' title="bbox 449 224 1602 306">
     <span class='ocr_line' id='line_1_4' title="bbox 449 224 1602 306; baseline -0.002 -16"><span class='ocrx_word' id='word_1_4' title='bbox 449 240 657 306; x_wconf 90' lang='grc' dir='ltr'><em>σιγῶσα</em></span> <span class='ocrx_word' id='word_1_5' title='bbox 683 230 735 288; x_wconf 86' lang='grc' dir='ltr'><em>δ’</em></span> <span class='ocrx_word' id='word_1_6' title='bbox 766 224 833 288; x_wconf 78' lang='grc' dir='ltr'><em>εὖ</em></span> <span class='ocrx_word' id='word_1_7' title='bbox 854 254 912 287; x_wconf 91' lang='grc' dir='ltr'><em>τε</em></span> <span class='ocrx_word' id='word_1_8' title='bbox 944 240 1063 295; x_wconf 79' lang='grc' dir='ltr'><em>ταῖς</em></span> <span class='ocrx_word' id='word_1_9' title='bbox 1086 233 1274 300; x_wconf 77' lang='grc' dir='ltr'><em>τύχαις</em></span> <span class='ocrx_word' id='word_1_10' title='bbox 1299 235 1602 304; x_wconf 78' lang='grc' dir='ltr'><strong><em>κεχρημένη</em></strong></span> 
     </span>
    </p>

    <p class='ocr_par' dir='ltr' id='par_1_5' title="bbox 446 311 1662 386">
     <span class='ocr_line' id='line_1_5' title="bbox 446 311 1662 386; baseline -0.002 -12"><span class='ocrx_word' id='word_1_11' title='bbox 446 317 543 376; x_wconf 81' lang='grc' dir='ltr'><em>τὸν</em></span> <span class='ocrx_word' id='word_1_12' title='bbox 566 322 730 373; x_wconf 85' lang='grc' dir='ltr'><em>τοῦδε</em></span> <span class='ocrx_word' id='word_1_13' title='bbox 753 315 955 386; x_wconf 86' lang='grc' dir='ltr'><em>νεκρὸν</em></span> <span class='ocrx_word' id='word_1_14' title='bbox 980 313 1083 372; x_wconf 80' lang='grc' dir='ltr'><em>οὐκ</em></span> <span class='ocrx_word' id='word_1_15' title='bbox 1110 313 1362 373; x_wconf 71' lang='grc' dir='ltr'><em>ἄθαπτον</em></span> <span class='ocrx_word' id='word_1_16' title='bbox 1387 311 1457 371; x_wconf 69' lang='grc' dir='ltr'><em>ἂν</em></span> <span class='ocrx_word' id='word_1_17' title='bbox 1484 321 1662 382; x_wconf 80' lang='grc' dir='ltr'><strong><em>λίποις</em></strong></span> 
     </span>
    </p>

    <p class='ocr_par' dir='ltr' id='par_1_6' title="bbox 449 399 1650 474">
     <span class='ocr_line' id='line_1_6' title="bbox 449 399 1650 474; baseline -0.002 -15"><span class='ocrx_word' id='word_1_18' title='bbox 449 399 660 473; x_wconf 82' lang='grc' dir='ltr'><em>αὐτή’</em></span> <span class='ocrx_word' id='word_1_19' title='bbox 611 426 639 458; x_wconf 91' lang='grc' dir='ltr'><em>τ</em></span> <span class='ocrx_word' id='word_1_20' title='bbox 684 399 916 472; x_wconf 83' lang='grc' dir='ltr'><em>Ἀχαιῶν</em></span> <span class='ocrx_word' id='word_1_21' title='bbox 940 402 1428 474; x_wconf 78' lang='grc' dir='ltr'><em>πρευμενεστέρων</em></span> <span class='ocrx_word' id='word_1_22' title='bbox 1451 400 1650 472; x_wconf 84' lang='grc' dir='ltr'><em>τύχοις.</em></span> 
     </span>
    </p>

    <p class='ocr_par' dir='ltr' id='par_1_7' title="bbox 445 484 1913 644">
     <span class='ocr_line' id='line_1_7' title="bbox 453 484 1913 558; baseline -0.001 -15"><span class='ocrx_word' id='word_1_23' title='bbox 453 489 493 543; x_wconf 84' lang='grc' dir='ltr'><em>ῶ</em></span> <span class='ocrx_word' id='word_1_24' title='bbox 521 484 760 558; x_wconf 78' lang='grc' dir='ltr'><em>φίλτατ’,</em></span> <span class='ocrx_word' id='word_1_25' title='bbox 790 488 831 542; x_wconf 81' lang='grc' dir='ltr'><em>ῶ</em></span> <span class='ocrx_word' id='word_1_26' title='bbox 858 484 1089 558; x_wconf 81' lang='grc' dir='ltr'><em>περισσὰ</em></span> <span class='ocrx_word' id='word_1_27' title='bbox 1117 487 1368 557; x_wconf 84' lang='grc' dir='ltr'><em>τιμηθεὶς</em></span> <span class='ocrx_word' id='word_1_28' title='bbox 1391 486 1603 555; x_wconf 91' lang='grc' dir='ltr'><em>τέκνον,</em></span> <span class='ocrx_word' id='word_1_29' title='bbox 1830 499 1913 544; x_wconf 71' lang='lat'><em>740</em></span> 
     </span>
     <span class='ocr_line' id='line_1_8' title="bbox 445 567 1676 644; baseline -0.003 -16"><span class='ocrx_word' id='word_1_30' title='bbox 445 581 615 628; x_wconf 78' lang='grc' dir='ltr'><em>θανεϊ</em></span> <span class='ocrx_word' id='word_1_31' title='bbox 634 570 769 644; x_wconf 87' lang='grc' dir='ltr'><em>πρὸς</em></span> <span class='ocrx_word' id='word_1_32' title='bbox 795 575 1013 643; x_wconf 85' lang='grc' dir='ltr'><em>ἐχθρῶν</em></span> <span class='ocrx_word' id='word_1_33' title='bbox 1037 567 1226 643; x_wconf 78' lang='grc' dir='ltr'><em>μητέρ’</em></span> <span class='ocrx_word' id='word_1_34' title='bbox 1256 568 1462 626; x_wconf 84' lang='grc' dir='ltr'><em>άθλίαν</em></span> <span class='ocrx_word' id='word_1_35' title='bbox 1487 568 1676 625; x_wconf 87' lang='grc' dir='ltr'><em>λιπῶν</em></span> 
     </span>
    </p>

    <p class='ocr_par' dir='ltr' id='par_1_8' title="bbox 448 651 1610 729">
     <span class='ocr_line' id='line_1_9' title="bbox 448 651 1610 729; baseline -0.003 -16"><span class='ocrx_word' id='word_1_36' title='bbox 448 654 500 729; x_wconf 82' lang='grc' dir='ltr'><em>[ἡ</em></span> <span class='ocrx_word' id='word_1_37' title='bbox 524 663 622 713; x_wconf 87' lang='grc' dir='ltr'><em>τοῦ</em></span> <span class='ocrx_word' id='word_1_38' title='bbox 646 655 848 727; x_wconf 84' lang='grc' dir='ltr'><em>πατρὸς</em></span> <span class='ocrx_word' id='word_1_39' title='bbox 875 657 940 711; x_wconf 91' lang='grc' dir='ltr'><em>δέ</em></span> <span class='ocrx_word' id='word_1_40' title='bbox 963 652 1016 710; x_wconf 84' lang='grc' dir='ltr'><em>σ’</em></span> <span class='ocrx_word' id='word_1_41' title='bbox 1046 651 1284 727; x_wconf 81' lang='grc' dir='ltr'><em>εὐγένει’</em></span> <span class='ocrx_word' id='word_1_42' title='bbox 1310 653 1610 716; x_wconf 69' lang='grc' dir='ltr'><em>άπῶλεσεν.</em></span> 
     </span>
    </p>

    <p class='ocr_par' dir='ltr' id='par_1_9' title="bbox 444 739 1460 842">
     <span class='ocr_line' id='line_1_10' title="bbox 444 739 1460 842; baseline -0.002 -44"><span class='ocrx_word' id='word_1_43' title='bbox 444 739 480 814; x_wconf 80' lang='grc' dir='ltr'><em>ἢ</em></span> <span class='ocrx_word' id='word_1_44' title='bbox 503 755 678 798; x_wconf 82' lang='grc' dir='ltr'><em>τοῖσιν</em></span> <span class='ocrx_word' id='word_1_45' title='bbox 703 739 884 806; x_wconf 88' lang='grc' dir='ltr'><em>άλλοις</em></span> <span class='ocrx_word' id='word_1_46' title='bbox 908 747 1155 812; x_wconf 87' lang='grc' dir='ltr'><em>γίγνεται</em></span> <span class='ocrx_word' id='word_1_47' title='bbox 1181 745 1460 842; x_wconf 82' lang='grc' dir='ltr'><em>σωτηρία,]</em></span> 
     </span>
    </p>

    <p class='ocr_par' dir='ltr' id='par_1_10' title="bbox 448 819 1784 898">
     <span class='ocr_line' id='line_1_11' title="bbox 448 819 1784 898; baseline -0.001 -15"><span class='ocrx_word' id='word_1_48' title='bbox 448 824 507 883; x_wconf 82' lang='grc' dir='ltr'><em>τὸ</em></span> <span class='ocrx_word' id='word_1_49' title='bbox 535 824 585 882; x_wconf 79' lang='grc' dir='ltr'><em>δ’</em></span> <span class='ocrx_word' id='word_1_50' title='bbox 618 825 821 883; x_wconf 85' lang='grc' dir='ltr'><em>ἐσθλὸν</em></span> <span class='ocrx_word' id='word_1_51' title='bbox 844 823 947 882; x_wconf 79' lang='grc' dir='ltr'><em>οὐκ</em></span> <span class='ocrx_word' id='word_1_52' title='bbox 973 831 1048 891; x_wconf 83' lang='grc' dir='ltr'><em>είς</em></span> <span class='ocrx_word' id='word_1_53' title='bbox 1071 824 1266 898; x_wconf 82' lang='grc' dir='ltr'><em>καιρὸν</em></span> <span class='ocrx_word' id='word_1_54' title='bbox 1290 819 1431 897; x_wconf 78' lang='grc' dir='ltr'><em>ἦλθε</em></span> <span class='ocrx_word' id='word_1_55' title='bbox 1457 826 1542 881; x_wconf 83' lang='grc' dir='ltr'><em>σοὶ</em></span> <span class='ocrx_word' id='word_1_56' title='bbox 1566 824 1784 898; x_wconf 87' lang='grc' dir='ltr'><em>πατρός.</em></span> 
     </span>
    </p>

    <p class='ocr_par' dir='ltr' id='par_1_11' title="bbox 448 904 1914 1069">
     <span class='ocr_line' id='line_1_12' title="bbox 453 904 1914 984; baseline 0 -17"><span class='ocrx_word' id='word_1_57' title='bbox 453 904 496 967; x_wconf 80' lang='grc' dir='ltr'><em>ῶ</em></span> <span class='ocrx_word' id='word_1_58' title='bbox 521 914 719 984; x_wconf 86' lang='grc' dir='ltr'><em>λέκτρα</em></span> <span class='ocrx_word' id='word_1_59' title='bbox 744 909 885 983; x_wconf 80' lang='grc' dir='ltr'><em>τάμὰ</em></span> <span class='ocrx_word' id='word_1_60' title='bbox 909 915 1152 982; x_wconf 84' lang='grc' dir='ltr'><em>δυστυχῆ</em></span> <span class='ocrx_word' id='word_1_61' title='bbox 1175 934 1233 966; x_wconf 86' lang='grc' dir='ltr'><em>τε</em></span> <span class='ocrx_word' id='word_1_62' title='bbox 1258 913 1350 967; x_wconf 82' lang='grc' dir='ltr'><em>καὶ</em></span> <span class='ocrx_word' id='word_1_63' title='bbox 1375 909 1554 983; x_wconf 90' lang='grc' dir='ltr'><em>γάμοι,</em></span> <span class='ocrx_word' id='word_1_64' title='bbox 1833 923 1914 968; x_wconf 81' lang='grc'><em>745</em></span> 
     </span>
     <span class='ocr_line' id='line_1_13' title="bbox 448 989 1591 1069; baseline -0.003 -16"><span class='ocrx_word' id='word_1_65' title='bbox 448 992 528 1061; x_wconf 86' lang='grc' dir='ltr'><em>οἷς</em></span> <span class='ocrx_word' id='word_1_66' title='bbox 552 989 732 1068; x_wconf 79' lang='grc' dir='ltr'><em>ἦλθον</em></span> <span class='ocrx_word' id='word_1_67' title='bbox 759 1002 834 1061; x_wconf 82' lang='grc' dir='ltr'><em>εἰς</em></span> <span class='ocrx_word' id='word_1_68' title='bbox 859 999 1141 1069; x_wconf 73' lang='grc' dir='ltr'><em>μέλαθρον</em></span> <span class='ocrx_word' id='word_1_69' title='bbox 1161 993 1421 1068; x_wconf 87' lang='grc' dir='ltr'><em>Ἐκτορός</em></span> <span class='ocrx_word' id='word_1_70' title='bbox 1445 1017 1591 1065; x_wconf 87' lang='grc' dir='ltr'><em>ποτε,</em></span> 
     </span>
    </p>

    <p class='ocr_par' dir='ltr' id='par_1_12' title="bbox 449 1076 1677 1153">
     <span class='ocr_line' id='line_1_14' title="bbox 449 1076 1677 1153; baseline -0.001 -17"><span class='ocrx_word' id='word_1_71' title='bbox 449 1079 516 1137; x_wconf 82' lang='grc' dir='ltr'><em>οὐ</em></span> <span class='ocrx_word' id='word_1_72' title='bbox 542 1081 780 1153; x_wconf 78' lang='grc' dir='ltr'><em>σφάγιον</em></span> <span class='ocrx_word' id='word_1_73' title='bbox 804 1080 931 1137; x_wconf 82' lang='grc' dir='ltr'><em>υίόν</em></span> <span class='ocrx_word' id='word_1_74' title='bbox 955 1085 1264 1146; x_wconf 76' lang='grc' dir='ltr'><em>Δαναΐδαις</em></span> <span class='ocrx_word' id='word_1_75' title='bbox 1288 1076 1500 1148; x_wconf 81' lang='grc' dir='ltr'><em>τέξουσ’</em></span> <span class='ocrx_word' id='word_1_76' title='bbox 1529 1078 1677 1151; x_wconf 88' lang='grc' dir='ltr'><em>ἐμόν,</em></span> 
     </span>
    </p>

    <p class='ocr_par' dir='ltr' id='par_1_13' title="bbox 448 1163 1631 1238">
     <span class='ocr_line' id='line_1_15' title="bbox 448 1163 1631 1238; baseline -0.001 -17"><span class='ocrx_word' id='word_1_77' title='bbox 448 1163 567 1222; x_wconf 77' lang='grc' dir='ltr'><em>ἀλλ’</em></span> <span class='ocrx_word' id='word_1_78' title='bbox 599 1163 670 1230; x_wconf 80' lang='grc' dir='ltr'><em>ῶς</em></span> <span class='ocrx_word' id='word_1_79' title='bbox 692 1166 968 1238; x_wconf 81' lang='grc' dir='ltr'><em>τύραννον</em></span> <span class='ocrx_word' id='word_1_80' title='bbox 990 1163 1236 1231; x_wconf 84' lang='grc' dir='ltr'><em>Ἀσιάδος</em></span> <span class='ocrx_word' id='word_1_81' title='bbox 1258 1164 1631 1236; x_wconf 82' lang='grc' dir='ltr'><em>πολυσπόρου.</em></span> 
     </span>
    </p>

    <p class='ocr_par' dir='ltr' id='par_1_14' title="bbox 450 1243 1658 1321">
     <span class='ocr_line' id='line_1_16' title="bbox 450 1243 1658 1321; baseline -0.001 -15"><span class='ocrx_word' id='word_1_82' title='bbox 450 1243 494 1306; x_wconf 84' lang='grc' dir='ltr'><em>ῶ</em></span> <span class='ocrx_word' id='word_1_83' title='bbox 519 1264 632 1321; x_wconf 81' lang='grc' dir='ltr'><em>παῖ,</em></span> <span class='ocrx_word' id='word_1_84' title='bbox 661 1250 946 1321; x_wconf 82' lang='grc' dir='ltr'><em>δακρύεις;</em></span> <span class='ocrx_word' id='word_1_85' title='bbox 974 1251 1230 1307; x_wconf 85' lang='grc' dir='ltr'><em>αἰσθάνει</em></span> <span class='ocrx_word' id='word_1_86' title='bbox 1254 1257 1440 1307; x_wconf 92' lang='grc' dir='ltr'><em>κακῶν</em></span> <span class='ocrx_word' id='word_1_87' title='bbox 1466 1252 1658 1313; x_wconf 88' lang='grc' dir='ltr'><em>σέθεν;</em></span> 
     </span>
    </p>

    <p class='ocr_par' dir='ltr' id='par_1_15' title="bbox 445 1333 1918 1495">
     <span class='ocr_line' id='line_1_17' title="bbox 448 1333 1918 1409; baseline 0 -18"><span class='ocrx_word' id='word_1_88' title='bbox 448 1341 505 1391; x_wconf 91' lang='grc' dir='ltr'><em>τί</em></span> <span class='ocrx_word' id='word_1_89' title='bbox 523 1358 629 1407; x_wconf 90' lang='grc' dir='ltr'><em>μου</em></span> <span class='ocrx_word' id='word_1_90' title='bbox 656 1338 912 1407; x_wconf 76' lang='grc' dir='ltr'><em>δέδραξαι</em></span> <span class='ocrx_word' id='word_1_91' title='bbox 937 1337 1089 1409; x_wconf 89' lang='grc' dir='ltr'><em>χερσι</em></span> <span class='ocrx_word' id='word_1_92' title='bbox 1114 1333 1363 1407; x_wconf 84' lang='grc' dir='ltr'><em>κάντέχει</em></span> <span class='ocrx_word' id='word_1_93' title='bbox 1388 1338 1630 1406; x_wconf 78' lang='grc' dir='ltr'><em>πέπλων,</em></span> <span class='ocrx_word' id='word_1_94' title='bbox 1834 1347 1918 1393; x_wconf 87' lang='grc'><em>750</em></span> 
     </span>
     <span class='ocr_line' id='line_1_18' title="bbox 445 1417 1626 1495; baseline -0.001 -19"><span class='ocrx_word' id='word_1_95' title='bbox 445 1419 671 1486; x_wconf 83' lang='grc' dir='ltr'><em>νεοσσὸς</em></span> <span class='ocrx_word' id='word_1_96' title='bbox 696 1417 826 1476; x_wconf 79' lang='grc' dir='ltr'><em>ῶσεὶ</em></span> <span class='ocrx_word' id='word_1_97' title='bbox 852 1423 1124 1495; x_wconf 89' lang='grc' dir='ltr'><em>πτέρυγας</em></span> <span class='ocrx_word' id='word_1_98' title='bbox 1150 1427 1445 1478; x_wconf 87' lang='grc' dir='ltr'><em>είσπίτνων</em></span> <span class='ocrx_word' id='word_1_99' title='bbox 1470 1419 1626 1492; x_wconf 81' lang='grc' dir='ltr'><em>ἐμάς;</em></span> 
     </span>
    </p>

    <p class='ocr_par' dir='ltr' id='par_1_16' title="bbox 451 1502 1623 1580">
     <span class='ocr_line' id='line_1_19' title="bbox 451 1502 1623 1580; baseline 0 -19"><span class='ocrx_word' id='word_1_100' title='bbox 451 1502 552 1561; x_wconf 79' lang='grc' dir='ltr'><em>οὐκ</em></span> <span class='ocrx_word' id='word_1_101' title='bbox 579 1505 718 1561; x_wconf 80' lang='grc' dir='ltr'><em>εἶσιν</em></span> <span class='ocrx_word' id='word_1_102' title='bbox 741 1503 948 1579; x_wconf 81' lang='grc' dir='ltr'><em>Ἕκτωρ</em></span> <span class='ocrx_word' id='word_1_103' title='bbox 974 1505 1195 1562; x_wconf 86' lang='grc' dir='ltr'><em>κλεινὸν</em></span> <span class='ocrx_word' id='word_1_104' title='bbox 1213 1503 1460 1580; x_wconf 77' lang='grc' dir='ltr'><em>ἁρπάσας</em></span> <span class='ocrx_word' id='word_1_105' title='bbox 1485 1505 1623 1578; x_wconf 91' lang='grc' dir='ltr'><em>δόρυ</em></span> 
     </span>
    </p>

    <p class='ocr_par' dir='ltr' id='par_1_17' title="bbox 448 1590 1528 1665">
     <span class='ocr_line' id='line_1_20' title="bbox 448 1590 1528 1665; baseline 0 -19"><span class='ocrx_word' id='word_1_106' title='bbox 448 1596 545 1662; x_wconf 87' lang='grc' dir='ltr'><em>γῆς</em></span> <span class='ocrx_word' id='word_1_107' title='bbox 573 1590 886 1657; x_wconf 76' lang='grc' dir='ltr'><em>ἐξανελθὼν</em></span> <span class='ocrx_word' id='word_1_108' title='bbox 911 1593 995 1647; x_wconf 82' lang='grc' dir='ltr'><em>σοὶ</em></span> <span class='ocrx_word' id='word_1_109' title='bbox 1021 1593 1208 1665; x_wconf 82' lang='grc' dir='ltr'><em>φέρων</em></span> <span class='ocrx_word' id='word_1_110' title='bbox 1234 1598 1528 1663; x_wconf 76' lang='grc' dir='ltr'><em>σωτηρίαν,</em></span> 
     </span>
    </p>

    <p class='ocr_par' dir='ltr' id='par_1_18' title="bbox 451 1672 1917 1919">
     <span class='ocr_line' id='line_1_21' title="bbox 452 1672 1689 1748; baseline 0 -18"><span class='ocrx_word' id='word_1_111' title='bbox 452 1672 518 1731; x_wconf 77' lang='grc' dir='ltr'><em>οὐ</em></span> <span class='ocrx_word' id='word_1_112' title='bbox 544 1678 836 1747; x_wconf 88' lang='grc' dir='ltr'><em>συγγένεια</em></span> <span class='ocrx_word' id='word_1_113' title='bbox 862 1677 1087 1747; x_wconf 89' lang='grc' dir='ltr'><em>πατρός,</em></span> <span class='ocrx_word' id='word_1_114' title='bbox 1116 1674 1218 1733; x_wconf 83' lang='grc' dir='ltr'><em>οὐκ</em></span> <span class='ocrx_word' id='word_1_115' title='bbox 1243 1675 1396 1748; x_wconf 79' lang='grc' dir='ltr'><em>ἰσχὺς</em></span> <span class='ocrx_word' id='word_1_116' title='bbox 1421 1680 1689 1747; x_wconf 88' lang='grc' dir='ltr'><em>Φρυγῶν·</em></span> 
     </span>
     <span class='ocr_line' id='line_1_22' title="bbox 454 1758 1917 1862; baseline 0 -46"><span class='ocrx_word' id='word_1_117' title='bbox 454 1759 688 1862; x_wconf 54' lang='grc' dir='ltr'><em>λυγρὸν,</em></span> <span class='ocrx_word' id='word_1_118' title='bbox 689 1761 749 1816; x_wconf 89' lang='grc' dir='ltr'><em>δε</em></span> <span class='ocrx_word' id='word_1_119' title='bbox 773 1759 977 1833; x_wconf 84' lang='grc' dir='ltr'><em>πήδημ’</em></span> <span class='ocrx_word' id='word_1_120' title='bbox 1009 1767 1084 1826; x_wconf 88' lang='grc' dir='ltr'><em>εις</em></span> <span class='ocrx_word' id='word_1_121' title='bbox 1109 1762 1381 1833; x_wconf 87' lang='grc' dir='ltr'><em>τράχηλον</em></span> <span class='ocrx_word' id='word_1_122' title='bbox 1405 1758 1626 1828; x_wconf 84' lang='grc' dir='ltr'><em>υψόθεν</em></span> <span class='ocrx_word' id='word_1_123' title='bbox 1836 1772 1917 1817; x_wconf 87' lang='grc'><em>755</em></span> 
     </span>
     <span class='ocr_line' id='line_1_23' title="bbox 451 1844 1746 1919; baseline 0 -19"><span class='ocrx_word' id='word_1_124' title='bbox 451 1844 636 1900; x_wconf 75' lang='grc' dir='ltr'><em>πεσών</em></span> <span class='ocrx_word' id='word_1_125' title='bbox 661 1869 952 1917; x_wconf 89' lang='grc' dir='ltr'><em>ανοικτως,</em></span> <span class='ocrx_word' id='word_1_126' title='bbox 980 1844 1180 1918; x_wconf 80' lang='grc' dir='ltr'><em>πνεῦμ’</em></span> <span class='ocrx_word' id='word_1_127' title='bbox 1211 1844 1535 1919; x_wconf 78' lang='grc' dir='ltr'><em>ἀπορρήξεις</em></span> <span class='ocrx_word' id='word_1_128' title='bbox 1561 1847 1746 1901; x_wconf 81' lang='grc' dir='ltr'><em>σέθεν.</em></span> 
     </span>
    </p>

    <p class='ocr_par' dir='ltr' id='par_1_19' title="bbox 456 1922 1558 2004">
     <span class='ocr_line' id='line_1_24' title="bbox 456 1922 1558 2004; baseline 0.003 -19"><span class='ocrx_word' id='word_1_129' title='bbox 456 1922 497 1984; x_wconf 81' lang='grc' dir='ltr'><em>ῶ</em></span> <span class='ocrx_word' id='word_1_130' title='bbox 522 1932 650 1986; x_wconf 90' lang='grc' dir='ltr'><em>νέον</em></span> <span class='ocrx_word' id='word_1_131' title='bbox 676 1928 1062 2002; x_wconf 75' lang='grc' dir='ltr'><em>ὑπαγκάλισμα</em></span> <span class='ocrx_word' id='word_1_132' title='bbox 1086 1933 1249 2004; x_wconf 90' lang='grc' dir='ltr'><em>μητρι</em></span> <span class='ocrx_word' id='word_1_133' title='bbox 1276 1938 1558 2004; x_wconf 81' lang='grc' dir='ltr'><em>φίλτατον,</em></span> 
     </span>
    </p>

    <p class='ocr_par' dir='ltr' id='par_1_20' title="bbox 455 2013 1569 2089">
     <span class='ocr_line' id='line_1_25' title="bbox 455 2013 1569 2089; baseline 0.004 -20"><span class='ocrx_word' id='word_1_134' title='bbox 455 2015 496 2068; x_wconf 85' lang='grc' dir='ltr'><em>ῶ</em></span> <span class='ocrx_word' id='word_1_135' title='bbox 521 2014 727 2086; x_wconf 86' lang='grc' dir='ltr'><em>χρωτὸς</em></span> <span class='ocrx_word' id='word_1_136' title='bbox 753 2013 861 2087; x_wconf 80' lang='grc' dir='ltr'><em>ἡδυ</em></span> <span class='ocrx_word' id='word_1_137' title='bbox 887 2023 1130 2088; x_wconf 80' lang='grc' dir='ltr'><em>πνεῦμα·</em></span> <span class='ocrx_word' id='word_1_138' title='bbox 1160 2016 1252 2073; x_wconf 90' lang='grc' dir='ltr'><em>δια</em></span> <span class='ocrx_word' id='word_1_139' title='bbox 1276 2024 1439 2089; x_wconf 85' lang='grc' dir='ltr'><em>κενῆς</em></span> <span class='ocrx_word' id='word_1_140' title='bbox 1465 2015 1569 2089; x_wconf 87' lang='grc' dir='ltr'><em>άρα</em></span> 
     </span>
    </p>

    <p class='ocr_par' dir='ltr' id='par_1_21' title="bbox 453 2099 1598 2175">
     <span class='ocr_line' id='line_1_26' title="bbox 453 2099 1598 2175; baseline 0.003 -22"><span class='ocrx_word' id='word_1_141' title='bbox 453 2101 512 2154; x_wconf 86' lang='grc' dir='ltr'><em>ἐν</em></span> <span class='ocrx_word' id='word_1_142' title='bbox 538 2100 870 2170; x_wconf 89' lang='grc' dir='ltr'><em>σπαργάνοις</em></span> <span class='ocrx_word' id='word_1_143' title='bbox 895 2119 954 2156; x_wconf 86' lang='grc' dir='ltr'><em>σε</em></span> <span class='ocrx_word' id='word_1_144' title='bbox 979 2101 1180 2172; x_wconf 82' lang='grc' dir='ltr'><em>μαστὸς</em></span> <span class='ocrx_word' id='word_1_145' title='bbox 1204 2100 1458 2175; x_wconf 81' lang='grc' dir='ltr'><em>ἐξέθρεψ’</em></span> <span class='ocrx_word' id='word_1_146' title='bbox 1487 2099 1598 2170; x_wconf 79' lang='grc' dir='ltr'><em>ὅδε,</em></span> 
     </span>
    </p>

    <p class='ocr_par' dir='ltr' id='par_1_22' title="bbox 449 2182 1919 2427">
     <span class='ocr_line' id='line_1_27' title="bbox 449 2182 1919 2258; baseline 0.001 -20"><span class='ocrx_word' id='word_1_147' title='bbox 449 2183 625 2254; x_wconf 88' lang='grc' dir='ltr'><em>μάτην</em></span> <span class='ocrx_word' id='word_1_148' title='bbox 651 2182 700 2238; x_wconf 79' lang='grc' dir='ltr'><em>δ’</em></span> <span class='ocrx_word' id='word_1_149' title='bbox 731 2185 1008 2255; x_wconf 85' lang='grc' dir='ltr'><em>ἐμόχθουν</em></span> <span class='ocrx_word' id='word_1_150' title='bbox 1033 2188 1124 2241; x_wconf 80' lang='grc' dir='ltr'><em>καὶ</em></span> <span class='ocrx_word' id='word_1_151' title='bbox 1149 2187 1495 2258; x_wconf 74' lang='grc' dir='ltr'><em>κατεξάνθην</em></span> <span class='ocrx_word' id='word_1_152' title='bbox 1519 2185 1725 2250; x_wconf 88' lang='grc' dir='ltr'><em>πόνοις.</em></span> <span class='ocrx_word' id='word_1_153' title='bbox 1837 2198 1919 2242; x_wconf 89' lang='grc'><em>760</em></span> 
     </span>
     <span class='ocr_line' id='line_1_28' title="bbox 453 2262 1728 2342; baseline 0.002 -19"><span class='ocrx_word' id='word_1_154' title='bbox 453 2274 588 2338; x_wconf 83' lang='grc' dir='ltr'><em>νῦν,</em></span> <span class='ocrx_word' id='word_1_155' title='bbox 616 2265 806 2324; x_wconf 74' lang='grc' dir='ltr'><em>οὔποτ’</em></span> <span class='ocrx_word' id='word_1_156' title='bbox 836 2262 1030 2340; x_wconf 76' lang='grc' dir='ltr'><em>αὖθις,</em></span> <span class='ocrx_word' id='word_1_157' title='bbox 1059 2268 1247 2342; x_wconf 79' lang='grc' dir='ltr'><em>μητέρ’</em></span> <span class='ocrx_word' id='word_1_158' title='bbox 1277 2269 1517 2339; x_wconf 73' lang='grc' dir='ltr'><em>ἀσπάζου</em></span> <span class='ocrx_word' id='word_1_159' title='bbox 1542 2273 1728 2342; x_wconf 85' lang='grc' dir='ltr'><em>σέθεν,</em></span> 
     </span>
     <span class='ocr_line' id='line_1_29' title="bbox 452 2352 1680 2427; baseline 0.003 -20"><span class='ocrx_word' id='word_1_160' title='bbox 452 2352 751 2424; x_wconf 89' lang='grc' dir='ltr'><em>πρόσπιτνε</em></span> <span class='ocrx_word' id='word_1_161' title='bbox 776 2352 876 2425; x_wconf 84' lang='grc' dir='ltr'><em>τὴν</em></span> <span class='ocrx_word' id='word_1_162' title='bbox 900 2361 1197 2426; x_wconf 87' lang='grc' dir='ltr'><em>τεκοῦσαν,</em></span> <span class='ocrx_word' id='word_1_163' title='bbox 1225 2353 1365 2427; x_wconf 80' lang='grc' dir='ltr'><em>ἀμφὶ</em></span> <span class='ocrx_word' id='word_1_164' title='bbox 1392 2361 1425 2411; x_wconf 93' lang='grc' dir='ltr'><em>δ</em></span> <span class='ocrx_word' id='word_1_165' title='bbox 1433 2354 1445 2374; x_wconf 86' lang='lat'>&#39;</span> <span class='ocrx_word' id='word_1_166' title='bbox 1475 2353 1680 2421; x_wconf 84' lang='grc' dir='ltr'><em>ῶλένας</em></span> 
     </span>
    </p>

    <p class='ocr_par' dir='ltr' id='par_1_23' title="bbox 451 2434 1633 2513">
     <span class='ocr_line' id='line_1_30' title="bbox 451 2434 1633 2513; baseline 0.002 -20"><span class='ocrx_word' id='word_1_167' title='bbox 451 2434 622 2493; x_wconf 79' lang='grc' dir='ltr'><em>ἔλισσ’</em></span> <span class='ocrx_word' id='word_1_168' title='bbox 653 2441 799 2509; x_wconf 80' lang='grc' dir='ltr'><em>ἐμοῖς</em></span> <span class='ocrx_word' id='word_1_169' title='bbox 823 2439 1044 2494; x_wconf 85' lang='grc' dir='ltr'><em>νῶτοισι</em></span> <span class='ocrx_word' id='word_1_170' title='bbox 1068 2441 1160 2494; x_wconf 82' lang='grc' dir='ltr'><em>καὶ</em></span> <span class='ocrx_word' id='word_1_171' title='bbox 1185 2438 1342 2512; x_wconf 80' lang='grc' dir='ltr'><em>στόμ’</em></span> <span class='ocrx_word' id='word_1_172' title='bbox 1375 2438 1633 2513; x_wconf 75' lang='grc' dir='ltr'><em>ἅρμοσον.</em></span> 
     </span>
    </p>

    <p class='ocr_par' dir='ltr' id='par_1_24' title="bbox 455 2514 1556 2597">
     <span class='ocr_line' id='line_1_31' title="bbox 455 2514 1556 2597; baseline 0.005 -21"><span class='ocrx_word' id='word_1_173' title='bbox 455 2514 497 2576; x_wconf 79' lang='grc' dir='ltr'><em>ῶ</em></span> <span class='ocrx_word' id='word_1_174' title='bbox 521 2521 757 2595; x_wconf 79' lang='grc' dir='ltr'><em>βάρβαρ’</em></span> <span class='ocrx_word' id='word_1_175' title='bbox 787 2525 1098 2597; x_wconf 85' lang='grc' dir='ltr'><em>ἐξευρόντες</em></span> <span class='ocrx_word' id='word_1_176' title='bbox 1118 2522 1376 2596; x_wconf 83' lang='grc' dir='ltr'><em>Ἕλληνες</em></span> <span class='ocrx_word' id='word_1_177' title='bbox 1401 2526 1556 2597; x_wconf 87' lang='grc' dir='ltr'><em>κακά,</em></span> 
     </span>
    </p>

    <p class='ocr_par' dir='ltr' id='par_1_25' title="bbox 452 2605 1916 2766">
     <span class='ocr_line' id='line_1_32' title="bbox 452 2605 1916 2678; baseline 0.003 -18"><span class='ocrx_word' id='word_1_178' title='bbox 452 2612 510 2661; x_wconf 89' lang='grc' dir='ltr'><em>τί</em></span> <span class='ocrx_word' id='word_1_179' title='bbox 528 2605 690 2662; x_wconf 86' lang='grc' dir='ltr'><em>τόνδε</em></span> <span class='ocrx_word' id='word_1_180' title='bbox 716 2614 885 2664; x_wconf 80' lang='grc' dir='ltr'><em>παῖδα</em></span> <span class='ocrx_word' id='word_1_181' title='bbox 911 2607 1142 2665; x_wconf 84' lang='grc' dir='ltr'><em>κτείνετ’</em></span> <span class='ocrx_word' id='word_1_182' title='bbox 1172 2608 1339 2665; x_wconf 76' lang='grc' dir='ltr'><em>οὐδὲν</em></span> <span class='ocrx_word' id='word_1_183' title='bbox 1363 2620 1568 2678; x_wconf 77' lang='grc' dir='ltr'><em>αἰ’τιον;</em></span> <span class='ocrx_word' id='word_1_184' title='bbox 1835 2621 1916 2666; x_wconf 86' lang='grc'><em>765</em></span> 
     </span>
     <span class='ocr_line' id='line_1_33' title="bbox 453 2682 1558 2766; baseline 0.005 -20"><span class='ocrx_word' id='word_1_185' title='bbox 453 2682 497 2746; x_wconf 63' lang='lat' dir='ltr'><em>a}</em></span> <span class='ocrx_word' id='word_1_186' title='bbox 529 2692 868 2763; x_wconf 84' lang='grc' dir='ltr'><em>Τυνδάρειον</em></span> <span class='ocrx_word' id='word_1_187' title='bbox 893 2699 1077 2765; x_wconf 80' lang='grc' dir='ltr'><em>ἔρνος,</em></span> <span class='ocrx_word' id='word_1_188' title='bbox 1104 2691 1295 2751; x_wconf 75' lang='grc' dir='ltr'><em>οὔποτ’</em></span> <span class='ocrx_word' id='word_1_189' title='bbox 1328 2694 1377 2750; x_wconf 82' lang='grc' dir='ltr'><em>εἴ</em></span> <span class='ocrx_word' id='word_1_190' title='bbox 1405 2694 1558 2766; x_wconf 86' lang='grc' dir='ltr'><em>Διός,</em></span> 
     </span>
    </p>

    <p class='ocr_par' dir='ltr' id='par_1_26' title="bbox 447 2777 1702 2937">
     <span class='ocr_line' id='line_1_34' title="bbox 452 2777 1702 2851; baseline 0.004 -20"><span class='ocrx_word' id='word_1_191' title='bbox 452 2782 672 2831; x_wconf 91' lang='grc' dir='ltr'><em>πολλῶν</em></span> <span class='ocrx_word' id='word_1_192' title='bbox 697 2777 758 2832; x_wconf 77' lang='grc' dir='ltr'><em>δὲ</em></span> <span class='ocrx_word' id='word_1_193' title='bbox 783 2781 1034 2851; x_wconf 88' lang='grc' dir='ltr'><em>πατέρων</em></span> <span class='ocrx_word' id='word_1_194' title='bbox 1060 2786 1207 2851; x_wconf 81' lang='grc' dir='ltr'><em>φημί</em></span> <span class='ocrx_word' id='word_1_195' title='bbox 1234 2777 1285 2835; x_wconf 83' lang='grc' dir='ltr'><em>σ’</em></span> <span class='ocrx_word' id='word_1_196' title='bbox 1315 2781 1702 2851; x_wconf 82' lang='grc' dir='ltr'><em>ἐκπεφυκέναι,</em></span> 
     </span>
     <span class='ocr_line' id='line_1_35' title="bbox 447 2855 1663 2937; baseline 0.004 -23"><span class='ocrx_word' id='word_1_197' title='bbox 447 2855 767 2931; x_wconf 84' lang='grc' dir='ltr'><em>’Λλάστορος</em></span> <span class='ocrx_word' id='word_1_198' title='bbox 787 2863 890 2937; x_wconf 77' lang='grc' dir='ltr'><em>μὲν</em></span> <span class='ocrx_word' id='word_1_199' title='bbox 915 2870 1161 2936; x_wconf 81' lang='grc' dir='ltr'><em>πρῶτον,</em></span> <span class='ocrx_word' id='word_1_200' title='bbox 1190 2864 1303 2921; x_wconf 81' lang='grc' dir='ltr'><em>εἶτα</em></span> <span class='ocrx_word' id='word_1_201' title='bbox 1329 2865 1390 2920; x_wconf 74' lang='grc' dir='ltr'><em>δὲ</em></span> <span class='ocrx_word' id='word_1_202' title='bbox 1414 2863 1663 2933; x_wconf 88' lang='grc' dir='ltr'><em>Φθόνου,</em></span> 
     </span>
    </p>
   </div>
  </div>
 </body>
</html>
