2018 3117
243 100 344 151 272
910 104 1231 149 ΟΡΕΣΤΗΣ

247 240 350 288 ΟΡ.
436 228 596 298 οὗτος
638 229 768 303 ἦλθ’
824 230 851 287 ὁ
905 233 1000 296 τὰς
1047 231 1265 302 ἀρίστας
1314 238 1622 303 θυγατέρας
1671 236 1893 299 σπείρας

982 334 1087 368 πατ
1129 336 1175 381 ρ.
1809 326 1894 370 750

241 405 357 452 ΠΤ.
438 396 771 463 Τυνδάρεων
800 397 998 465 λέγεις·
1058 336 1187 459 ege-og
1223 412 1310 449 σοι
1339 398 1644 465 θυγατέρος
1672 392 1890 463 θυμού-

997 503 1173 552 μενος.

243 576 348 623 ΟΡ.
424 566 698 621 αἰσθάνει.
741 564 800 621 τὸ
843 570 1006 620 τοῦδε
1056 569 1220 634 κῆδος
1261 570 1469 635 μᾶλλον
1507 563 1664 620 εἵλετ’
1706 562 1743 638 ἦ
1783 589 1889 622 πα-

990 649 1131 720 τρός.

238 744 356 792 ΠΤ.
426 733 565 791 κούκ
592 734 886 805 ἐτόλμησεν
910 733 1099 790 πόνων
1124 738 1239 787 σῶν
1252 731 1643 800 ἀντιλάζυσθαι
1669 735 1890 806 παρων;

243 828 348 876 ΟΡ.
430 817 497 876 οὐ
527 817 631 891 γὰρ
656 817 915 890 αἰχμητὴς
945 821 1212 889 πέφυκεν,
1239 820 1298 873 ἐν
1324 820 1542 888 γυναιξὶ
1567 815 1621 873 δ’
1649 815 1890 889 ἄλκιμος.

238 913 357 960 ΠΤ.
429 908 489 960 ἐν
514 916 699 968 κακοῖς
727 900 817 975 ἄρ’
854 903 903 958 εἴ
923 909 1225 974 μεγίστοις,
1261 909 1359 957 καί
1378 899 1430 957 σ’
1461 899 1761 974 ἀναγκαῖον
1785 912 1894 958 θα·-

989 1000 1124 1043 νδῖν.
1814 1000 1894 1044 755

246 1081 351 1130 ΟΡ.
425 1079 617 1145 ψῆφον
669 1069 806 1143 ἀμφ’
858 1069 1014 1143 ἡμῶν
1064 1077 1287 1135 πολίτας
1343 1073 1431 1126 ἐπὶ
1489 1072 1645 1146 φόνῳ
1690 1073 1895 1128 θέσθαι

994 1156 1187 1226 χρεών.

243 1251 359 1300 ΠΤ.
429 1239 465 1314 ἢ
509 1254 692 1312 κρινεῖ
720 1247 777 1295 τί
815 1247 1021 1313 χρῆμα;
1069 1243 1249 1306 λέξον·
1301 1239 1392 1295 διὰ
1431 1240 1613 1312 φόβου
1660 1240 1763 1312 γὰρ
1803 1248 1895 1312 ἔρ-

991 1348 1168 1396 χομαι.

247 1420 351 1468 ΟΡ.
426 1407 461 1483 ἢ
484 1420 684 1467 θανεῖν
708 1407 743 1481 ἢ
768 1416 887 1482 ζῆν’
916 1407 942 1466 ὁ
968 1415 1146 1481 μῦθος
1177 1407 1244 1465 οὐ
1273 1408 1479 1482 μακρὸς
1504 1416 1730 1482 μακρῶν
1754 1413 1895 1481 πέρι.

245 1506 361 1553 ΠΤ.
431 1499 608 1568 φεῦγέ
629 1519 736 1551 νυν
760 1494 937 1551 λιπών
962 1498 1213 1567 μέλαθρα
1238 1494 1344 1550 σὺν
1367 1494 1664 1567 κασιγνήτῃ
1690 1497 1872 1550 σέθεν.

249 1589 353 1638 ΟΡ.
430 1578 529 1652 οὐχ
555 1577 715 1652 ὁρᾷς;
743 1581 1179 1651 φυλασσόμεσθα
1195 1586 1513 1650 φρουρίοισι
1537 1585 1799 1651 πανταχῇ.
1815 1591 1898 1635 760

245 1674 363 1722 ΠΥ.
434 1665 584 1721 εἶδον
610 1662 811 1730 ἄστεως
839 1662 1034 1735 ἀγυιὰς
1057 1664 1308 1735 τεύχεσιν
1332 1666 1734 1735 πεφραγμένας.

250 1758 354 1807 ΟΡ.
439 1748 675 1820 ὡσπερεὶ
701 1749 856 1814 πόλις
881 1748 1250 1820 πρὸςέχθρῶν
1265 1754 1419 1819 σῶμα
1443 1746 1896 1821 πυργηρούμεθα.

245 1844 364 1890 ΠΤ.
435 1832 575 1905 κάμέ
595 1858 702 1890 νυν
727 1838 855 1906 ἐροῦ
881 1841 938 1889 τί
957 1834 1169 1904 πάσχω·
1208 1835 1299 1888 καὶ
1325 1830 1427 1905 γὰρ
1455 1830 1619 1897 αὐτὸς
1646 1840 1874 1903 οἴχομαι.

252 1927 357 1975 ΟΡ.
440 1917 576 1991 πρὸς
610 1925 790 1985 τίνος;
828 1917 978 1975 τοῦτ’
1020 1914 1088 1974 ἂν
1125 1923 1352 1989 προσείη
1388 1930 1498 1982 τοῖς
1534 1921 1680 1988 ἐμοῖς
1714 1928 1899 1981 κακοῖς

1007 2027 1194 2059 κακον.

248 2098 366 2146 ΠΤ.
435 2087 713 2159 Στρόφιος
737 2085 939 2158 ἤλασέν
974 2086 1020 2159 μ’
1052 2085 1137 2144 ἀπ’
1170 2096 1338 2143 οἴκων
1364 2067 1588 2159 φυγάδα
1613 2086 1901 2156 θυμωθεὶς

1000 2172 1193 2244 πατήρ.
1819 2182 1901 2227 765

255 2267 361 2315 ΟΡ.
443 2253 637 2314 ἴδιον
611 2281 643 2327 η
671 2255 863 2312 κοινὸν
891 2264 1137 2321 πολίταις
1167 2258 1448 2326 ἐπιφέρων
1471 2254 1712 2326 ἑγκληιιά
1737 2277 1815 2321 τις

258 2352 368 2401 ΠΥ.
439 2340 523 2398 ὅτι
549 2341 873 2413 συνηράμην
902 2341 1077 2412 φόνον
1105 2359 1190 2395 σοι
1216 2339 1432 2410 μητρός,
1459 2336 1683 2395 ἀνόσιον
1707 2341 1900 2409 λ.έγων

255 2436 360 2485 ΟΡ.
444 2451 483 2482 ω
512 2426 701 2497 τάλας,
732 2432 875 2482 έοικε
900 2427 991 2481 καὶ
1017 2425 1077 2481 σε
1104 2422 1244 2495 τᾶμα
1269 2424 1538 2495 λυπήσειν
1563 2422 1718 2479 κακά.

199 2582 201 2584 q
256 2521 369 2569 ΠΤ.
441 2509 564 2581 οὐχι
591 2513 857 2567 Μενέλεω
884 2511 1135 2581 τρόποισι
1157 2506 1435 2580 χρώμεθ’·
1465 2511 1678 2564 οἰστέον
1700 2507 1845 2562 τάδε.

257 2604 362 2653 ΟΡ.
443 2593 508 2650 οὐ
552 2602 721 2666 φοβεῖ
761 2597 834 2668 μή
874 2593 924 2652 σ’
960 2593 1157 2667 ’Ἄργος
1199 2591 1380 2665 ὥσπερ
1417 2590 1547 2664 κάμ’
1588 2590 1904 2648 ἀποκτεῖναι

1006 2682 1172 2752 θέλῃ;
1822 2687 1906 2731 770

256 2773 373 2822 ΠΤ.
439 2761 505 2820 οὐ
531 2763 879 2836 προσήκομεν
904 2765 1151 2832 κολάζειν
1175 2767 1385 2834 τοῖσδε,
1414 2764 1655 2818 Φωκέων
1680 2760 1740 2816 δὲ
1768 2764 1854 2832 γῇ.
