<?xml version="1.0" encoding="UTF-8"?>
<!DOCTYPE html PUBLIC "-//W3C//DTD XHTML 1.0 Transitional//EN"
    "http://www.w3.org/TR/xhtml1/DTD/xhtml1-transitional.dtd">
<html xmlns="http://www.w3.org/1999/xhtml" xml:lang="en" lang="en">
 <head>
  <title>
</title>
<meta http-equiv="Content-Type" content="text/html;charset=utf-8" />
  <meta name='ocr-system' content='tesseract 3.04.00' />
  <meta name='ocr-capabilities' content='ocr_page ocr_carea ocr_par ocr_line ocrx_word'/>
</head>
<body>
  <div class='ocr_page' id='page_1' title='image "./euripidistragoe02euriuoft_0430.png"; bbox 0 0 2018 3117; ppageno 0'>
   <div class='ocr_carea' id='block_1_1' title="bbox 208 74 311 125">
    <p class='ocr_par' dir='ltr' id='par_1_1' title="bbox 208 74 311 125">
     <span class='ocr_line' id='line_1_1' title="bbox 208 74 311 125; baseline 0 0"><span class='ocrx_word' id='word_1_1' title='bbox 208 74 311 125; x_wconf 78' lang='lat'><em>380</em></span> 
     </span>
    </p>
   </div>
   <div class='ocr_carea' id='block_1_2' title="bbox 213 478 322 528">
    <p class='ocr_par' dir='ltr' id='par_1_2' title="bbox 213 478 322 528">
     <span class='ocr_line' id='line_1_2' title="bbox 213 478 322 528; baseline -0.028 0"><span class='ocrx_word' id='word_1_2' title='bbox 213 478 322 528; x_wconf 81' lang='lat' dir='ltr'><em>XO.</em></span> 
     </span>
    </p>
   </div>
   <div class='ocr_carea' id='block_1_3' title="bbox 843 78 1197 125">
    <p class='ocr_par' dir='ltr' id='par_1_3' title="bbox 843 78 1197 125">
     <span class='ocr_line' id='line_1_3' title="bbox 843 78 1197 125; baseline 0.006 -2"><span class='ocrx_word' id='word_1_3' title='bbox 843 78 1197 125; x_wconf 73' lang='grc' dir='ltr'><em>ΤΡΩΙΑΔΕΣ</em></span> 
     </span>
    </p>
   </div>
   <div class='ocr_carea' id='block_1_4' title="bbox 394 216 1863 967">
    <p class='ocr_par' dir='ltr' id='par_1_4' title="bbox 397 216 1454 289">
     <span class='ocr_line' id='line_1_4' title="bbox 397 216 1454 289; baseline 0.003 -16"><span class='ocrx_word' id='word_1_4' title='bbox 397 216 622 273; x_wconf 77' lang='grc' dir='ltr'><em>πάσαισι</em></span> <span class='ocrx_word' id='word_1_5' title='bbox 648 216 827 287; x_wconf 83' lang='grc' dir='ltr'><em>φήσει.</em></span> <span class='ocrx_word' id='word_1_6' title='bbox 861 217 1053 289; x_wconf 76' lang='grc' dir='ltr'><em>ῥᾴδιον</em></span> <span class='ocrx_word' id='word_1_7' title='bbox 1077 240 1179 288; x_wconf 89' lang='grc' dir='ltr'><em>μεν</em></span> <span class='ocrx_word' id='word_1_8' title='bbox 1203 241 1270 274; x_wconf 89' lang='grc' dir='ltr'><em>ου</em></span> <span class='ocrx_word' id='word_1_9' title='bbox 1302 219 1454 276; x_wconf 88' lang='grc' dir='ltr'><em>τόδε·</em></span> 
     </span>
    </p>

    <p class='ocr_par' dir='ltr' id='par_1_5' title="bbox 397 298 1618 376">
     <span class='ocr_line' id='line_1_5' title="bbox 397 298 1618 376; baseline 0.004 -20"><span class='ocrx_word' id='word_1_10' title='bbox 397 298 543 372; x_wconf 78' lang='grc' dir='ltr'><em>ὅμως</em></span> <span class='ocrx_word' id='word_1_11' title='bbox 567 298 621 356; x_wconf 83' lang='grc' dir='ltr'><em>δ’</em></span> <span class='ocrx_word' id='word_1_12' title='bbox 651 298 679 356; x_wconf 85' lang='grc' dir='ltr'>ὁ</span> <span class='ocrx_word' id='word_1_13' title='bbox 706 298 863 371; x_wconf 80' lang='grc' dir='ltr'><em>τῆσδ’</em></span> <span class='ocrx_word' id='word_1_14' title='bbox 894 299 1127 372; x_wconf 75' lang='grc' dir='ltr'><em>ὄλεθρος</em></span> <span class='ocrx_word' id='word_1_15' title='bbox 1153 307 1228 366; x_wconf 82' lang='grc' dir='ltr'><em>εἰς</em></span> <span class='ocrx_word' id='word_1_16' title='bbox 1253 303 1432 374; x_wconf 87' lang='grc' dir='ltr'><em>φόβον</em></span> <span class='ocrx_word' id='word_1_17' title='bbox 1455 311 1618 376; x_wconf 80' lang='grc' dir='ltr'><em>βαλεῖ</em></span> 
     </span>
    </p>

    <p class='ocr_par' dir='ltr' id='par_1_6' title="bbox 395 379 1582 459">
     <span class='ocr_line' id='line_1_6' title="bbox 395 379 1582 459; baseline 0.003 -19"><span class='ocrx_word' id='word_1_18' title='bbox 395 385 452 441; x_wconf 86' lang='grc' dir='ltr'><em>τὸ</em></span> <span class='ocrx_word' id='word_1_19' title='bbox 479 391 666 456; x_wconf 74' lang='grc' dir='ltr'><em>μῶρον</em></span> <span class='ocrx_word' id='word_1_20' title='bbox 692 383 906 457; x_wconf 77' lang='grc' dir='ltr'><em>αὐτῶν,</em></span> <span class='ocrx_word' id='word_1_21' title='bbox 933 382 1038 441; x_wconf 77' lang='grc' dir='ltr'><em>κάν</em></span> <span class='ocrx_word' id='word_1_22' title='bbox 1064 383 1139 441; x_wconf 74' lang='grc' dir='ltr'><em>ἔτ’</em></span> <span class='ocrx_word' id='word_1_23' title='bbox 1169 379 1267 442; x_wconf 82' lang='grc' dir='ltr'><em>ω’σ’</em></span> <span class='ocrx_word' id='word_1_24' title='bbox 1295 392 1582 459; x_wconf 81' lang='grc' dir='ltr'><em>αἰσχίονες.</em></span> 
     </span>
    </p>

    <p class='ocr_par' dir='ltr' id='par_1_7' title="bbox 394 467 1863 628">
     <span class='ocr_line' id='line_1_7' title="bbox 394 467 1863 545; baseline 0.003 -19"><span class='ocrx_word' id='word_1_25' title='bbox 394 467 536 526; x_wconf 80' lang='grc' dir='ltr'><em>οὕτω</em></span> <span class='ocrx_word' id='word_1_26' title='bbox 565 469 631 540; x_wconf 86' lang='grc' dir='ltr'><em>δὴ</em></span> <span class='ocrx_word' id='word_1_27' title='bbox 657 469 754 526; x_wconf 87' lang='grc' dir='ltr'><em>τὸν</em></span> <span class='ocrx_word' id='word_1_28' title='bbox 777 474 837 526; x_wconf 82' lang='grc' dir='ltr'><em>ἐν</em></span> <span class='ocrx_word' id='word_1_29' title='bbox 867 468 963 527; x_wconf 86' lang='grc' dir='ltr'><em>Ἰλ’</em></span> <span class='ocrx_word' id='word_1_30' title='bbox 939 495 1003 526; x_wconf 89' lang='grc' dir='ltr'><em>ιω</em></span> <span class='ocrx_word' id='word_1_31' title='bbox 1605 492 1716 545; x_wconf 88' lang='grc' dir='ltr'><em>στρ.</em></span> <span class='ocrx_word' id='word_1_32' title='bbox 1754 490 1863 534; x_wconf 85' lang='grc'>1060</span> 
     </span>
     <span class='ocr_line' id='line_1_8' title="bbox 395 553 1061 628; baseline 0.006 -20"><span class='ocrx_word' id='word_1_33' title='bbox 395 553 533 609; x_wconf 84' lang='grc' dir='ltr'><em>ναὸν</em></span> <span class='ocrx_word' id='word_1_34' title='bbox 561 557 652 610; x_wconf 82' lang='grc' dir='ltr'><em>καὶ</em></span> <span class='ocrx_word' id='word_1_35' title='bbox 679 555 923 612; x_wconf 78' lang='grc' dir='ltr'><strong><em>θυόεντα</em></strong></span> <span class='ocrx_word' id='word_1_36' title='bbox 945 563 1061 628; x_wconf 88' lang='grc' dir='ltr'><em>βω·-</em></span> 
     </span>
    </p>

    <p class='ocr_par' dir='ltr' id='par_1_8' title="bbox 394 638 1122 712">
     <span class='ocr_line' id='line_1_9' title="bbox 394 638 1122 712; baseline 0.003 -18"><span class='ocrx_word' id='word_1_37' title='bbox 394 638 499 710; x_wconf 85' lang='grc' dir='ltr'><em>μὸν</em></span> <span class='ocrx_word' id='word_1_38' title='bbox 525 639 853 712; x_wconf 77' lang='grc' dir='ltr'><em>προύδωκας</em></span> <span class='ocrx_word' id='word_1_39' title='bbox 875 639 1122 712; x_wconf 79' lang='grc' dir='ltr'><em>Ἀχαιοῖς,</em></span> 
     </span>
    </p>

    <p class='ocr_par' dir='ltr' id='par_1_9' title="bbox 399 716 1211 797">
     <span class='ocr_line' id='line_1_10' title="bbox 399 716 1211 797; baseline 0.001 -18"><span class='ocrx_word' id='word_1_40' title='bbox 399 716 443 779; x_wconf 69' lang='grc' dir='ltr'><em>ὦ</em></span> <span class='ocrx_word' id='word_1_41' title='bbox 469 731 606 795; x_wconf 88' lang='grc' dir='ltr'><em>Ζεῦ,</em></span> <span class='ocrx_word' id='word_1_42' title='bbox 635 727 727 780; x_wconf 79' lang='grc' dir='ltr'><em>καὶ</em></span> <span class='ocrx_word' id='word_1_43' title='bbox 751 726 1006 781; x_wconf 75' lang='grc' dir='ltr'><em>πελάνων</em></span> <span class='ocrx_word' id='word_1_44' title='bbox 1032 725 1211 797; x_wconf 82' lang='grc' dir='ltr'><em>φλόγα</em></span> 
     </span>
    </p>

    <p class='ocr_par' dir='ltr' id='par_1_10' title="bbox 395 809 1123 883">
     <span class='ocr_line' id='line_1_11' title="bbox 395 809 1123 883; baseline 0.003 -19"><span class='ocrx_word' id='word_1_45' title='bbox 395 809 639 881; x_wconf 85' lang='grc' dir='ltr'><em>σμύρνης</em></span> <span class='ocrx_word' id='word_1_46' title='bbox 665 816 916 883; x_wconf 77' lang='grc' dir='ltr'><em>αἰθερίας</em></span> <span class='ocrx_word' id='word_1_47' title='bbox 941 833 997 866; x_wconf 89' lang='grc' dir='ltr'><em>τε</em></span> <span class='ocrx_word' id='word_1_48' title='bbox 1021 834 1123 865; x_wconf 81' lang='grc' dir='ltr'><em>κα-</em></span> 
     </span>
    </p>

    <p class='ocr_par' dir='ltr' id='par_1_11' title="bbox 396 893 1862 967">
     <span class='ocr_line' id='line_1_12' title="bbox 396 893 1862 967; baseline 0.004 -19"><span class='ocrx_word' id='word_1_49' title='bbox 396 893 538 950; x_wconf 82' lang='grc' dir='ltr'><em>πνὸν</em></span> <span class='ocrx_word' id='word_1_50' title='bbox 562 897 654 951; x_wconf 82' lang='grc' dir='ltr'><em>καὶ</em></span> <span class='ocrx_word' id='word_1_51' title='bbox 676 898 974 967; x_wconf 73' lang='grc' dir='ltr'><em>Πέργαμον</em></span> <span class='ocrx_word' id='word_1_52' title='bbox 1002 894 1127 966; x_wconf 72' lang='grc' dir='ltr'><em>[ραν</em></span> <span class='ocrx_word' id='word_1_53' title='bbox 1757 912 1862 954; x_wconf 82' lang='lat'>1065</span> 
     </span>
    </p>
   </div>
   <div class='ocr_carea' id='block_1_5' title="bbox 391 975 1329 1052">
    <p class='ocr_par' dir='ltr' id='par_1_12' title="bbox 391 975 1329 1052">
     <span class='ocr_line' id='line_1_13' title="bbox 391 975 1329 1052; baseline 0.003 -19"><span class='ocrx_word' id='word_1_54' title='bbox 391 975 556 1034; x_wconf 79' lang='grc' dir='ltr'><em>Ἰδαῖά</em></span> <span class='ocrx_word' id='word_1_55' title='bbox 580 978 628 1035; x_wconf 86' lang='grc' dir='ltr'><em>τ’</em></span> <span class='ocrx_word' id='word_1_56' title='bbox 656 978 823 1036; x_wconf 84' lang='grc' dir='ltr'><em>Ἰδαῖα</em></span> <span class='ocrx_word' id='word_1_57' title='bbox 848 981 1154 1051; x_wconf 73' lang='grc' dir='ltr'><em>κισσοφόρα</em></span> <span class='ocrx_word' id='word_1_58' title='bbox 1185 980 1329 1052; x_wconf 89' lang='grc' dir='ltr'><em>νάπη</em></span> 
     </span>
    </p>
   </div>
   <div class='ocr_carea' id='block_1_6' title="bbox 392 1064 1862 2902">
    <p class='ocr_par' dir='ltr' id='par_1_13' title="bbox 392 1064 1862 2902">
     <span class='ocr_line' id='line_1_14' title="bbox 394 1064 1105 1138; baseline 0.003 -20"><span class='ocrx_word' id='word_1_59' title='bbox 394 1064 539 1134; x_wconf 88' lang='grc' dir='ltr'><em>χιόνι</em></span> <span class='ocrx_word' id='word_1_60' title='bbox 568 1065 844 1136; x_wconf 74' lang='grc' dir='ltr'><em>κατάρυτα</em></span> <span class='ocrx_word' id='word_1_61' title='bbox 869 1071 1105 1138; x_wconf 77' lang='grc' dir='ltr'><em>ποταμίᾳ</em></span> 
     </span>
     <span class='ocr_line' id='line_1_15' title="bbox 395 1149 1257 1221; baseline -0.001 -17"><span class='ocrx_word' id='word_1_62' title='bbox 395 1150 633 1220; x_wconf 78' lang='grc' dir='ltr'><em>τέρμονα</em></span> <span class='ocrx_word' id='word_1_63' title='bbox 659 1173 716 1205; x_wconf 92' lang='grc' dir='ltr'><em>τε</em></span> <span class='ocrx_word' id='word_1_64' title='bbox 741 1149 1093 1221; x_wconf 87' lang='grc' dir='ltr'><em>πρωτόβολον</em></span> <span class='ocrx_word' id='word_1_65' title='bbox 1123 1152 1257 1221; x_wconf 74' lang='grc' dir='ltr'><em>ἁλίῳ</em></span> 
     </span>
     <span class='ocr_line' id='line_1_16' title="bbox 396 1232 1862 1307; baseline 0.003 -19"><span class='ocrx_word' id='word_1_66' title='bbox 396 1232 496 1288; x_wconf 81' lang='grc' dir='ltr'><em>τὰν</em></span> <span class='ocrx_word' id='word_1_67' title='bbox 521 1237 1015 1306; x_wconf 76' lang='grc' dir='ltr'><em>καταλαμπομέναν</em></span> <span class='ocrx_word' id='word_1_68' title='bbox 1033 1236 1238 1302; x_wconf 82' lang='grc' dir='ltr'><em>ζαθέαν</em></span> <span class='ocrx_word' id='word_1_69' title='bbox 1262 1233 1568 1307; x_wconf 77' lang='grc' dir='ltr'><em>θεράπναν.</em></span> <span class='ocrx_word' id='word_1_70' title='bbox 1754 1248 1862 1293; x_wconf 90' lang='grc'>1070</span> 
     </span>
     <span class='ocr_line' id='line_1_17' title="bbox 397 1316 1753 1390; baseline 0.001 -17"><span class='ocrx_word' id='word_1_71' title='bbox 397 1324 649 1389; x_wconf 78' lang='grc' dir='ltr'><em>φροῦδαί</em></span> <span class='ocrx_word' id='word_1_72' title='bbox 667 1337 754 1374; x_wconf 91' lang='grc' dir='ltr'><em>σοι</em></span> <span class='ocrx_word' id='word_1_73' title='bbox 778 1325 974 1375; x_wconf 80' lang='grc' dir='ltr'><em>θυσίαι</em></span> <span class='ocrx_word' id='word_1_74' title='bbox 995 1325 1176 1390; x_wconf 75' lang='grc' dir='ltr'><em>χορῶν</em></span> <span class='ocrx_word' id='word_1_75' title='bbox 1201 1316 1248 1374; x_wconf 88' lang='grc' dir='ltr'><em>τ’</em></span> <span class='ocrx_word' id='word_1_76' title='bbox 1639 1317 1753 1376; x_wconf 79' lang='grc' dir='ltr'><em>ἀντ.</em></span> 
     </span>
     <span class='ocr_line' id='line_1_18' title="bbox 397 1400 1156 1476; baseline 0.003 -18"><span class='ocrx_word' id='word_1_77' title='bbox 397 1400 637 1476; x_wconf 74' lang='grc' dir='ltr'><em>εὔφημοι</em></span> <span class='ocrx_word' id='word_1_78' title='bbox 664 1406 886 1460; x_wconf 85' lang='grc' dir='ltr'><em>κέλαδοι</em></span> <span class='ocrx_word' id='word_1_79' title='bbox 910 1402 1028 1460; x_wconf 85' lang='grc' dir='ltr'><em>κατ’</em></span> <span class='ocrx_word' id='word_1_80' title='bbox 1059 1401 1156 1475; x_wconf 77' lang='grc' dir='ltr'><em>ὅρ-</em></span> 
     </span>
     <span class='ocr_line' id='line_1_19' title="bbox 397 1495 1167 1560; baseline 0.001 -17"><span class='ocrx_word' id='word_1_81' title='bbox 397 1511 546 1559; x_wconf 90' lang='grc' dir='ltr'><em>φναν</em></span> <span class='ocrx_word' id='word_1_82' title='bbox 570 1512 628 1545; x_wconf 92' lang='grc' dir='ltr'><em>τε</em></span> <span class='ocrx_word' id='word_1_83' title='bbox 658 1495 991 1560; x_wconf 78' lang='grc' dir='ltr'><em>παννυχίδες</em></span> <span class='ocrx_word' id='word_1_84' title='bbox 1016 1495 1167 1545; x_wconf 77' lang='grc' dir='ltr'><em>θεῶν</em></span> 
     </span>
     <span class='ocr_line' id='line_1_20' title="bbox 393 1575 1145 1643; baseline 0.003 -15"><span class='ocrx_word' id='word_1_85' title='bbox 393 1575 643 1643; x_wconf 82' lang='grc' dir='ltr'><em>χρυσέων</em></span> <span class='ocrx_word' id='word_1_86' title='bbox 667 1597 724 1630; x_wconf 87' lang='grc' dir='ltr'><em>τε</em></span> <span class='ocrx_word' id='word_1_87' title='bbox 747 1575 960 1641; x_wconf 79' lang='grc' dir='ltr'><em>ξοάνων</em></span> <span class='ocrx_word' id='word_1_88' title='bbox 984 1575 1145 1630; x_wconf 82' lang='grc' dir='ltr'><em>τύποι</em></span> 
     </span>
     <span class='ocr_line' id='line_1_21' title="bbox 395 1660 1860 1731; baseline 0.001 -19"><span class='ocrx_word' id='word_1_89' title='bbox 395 1665 637 1731; x_wconf 75' lang='grc' dir='ltr'><em>Φρυγῶν</em></span> <span class='ocrx_word' id='word_1_90' title='bbox 663 1682 721 1714; x_wconf 90' lang='grc' dir='ltr'><em>τε</em></span> <span class='ocrx_word' id='word_1_91' title='bbox 748 1660 934 1727; x_wconf 84' lang='grc' dir='ltr'><em>ζάθεοι</em></span> <span class='ocrx_word' id='word_1_92' title='bbox 959 1666 1122 1714; x_wconf 82' lang='grc' dir='ltr'><em>σελᾶ-</em></span> <span class='ocrx_word' id='word_1_93' title='bbox 1755 1671 1860 1716; x_wconf 82' lang='lat'>1075</span> 
     </span>
     <span class='ocr_line' id='line_1_22' title="bbox 397 1744 1074 1816; baseline 0 -18"><span class='ocrx_word' id='word_1_94' title='bbox 397 1766 485 1798; x_wconf 88' lang='grc' dir='ltr'><em>ναι</em></span> <span class='ocrx_word' id='word_1_95' title='bbox 510 1744 832 1800; x_wconf 75' lang='grc' dir='ltr'><em>συνδώδεκα</em></span> <span class='ocrx_word' id='word_1_96' title='bbox 856 1744 1074 1816; x_wconf 87' lang='grc' dir='ltr'><em>πλήθει.</em></span> 
     </span>
     <span class='ocr_line' id='line_1_23' title="bbox 394 1826 1513 1901; baseline 0 -18"><span class='ocrx_word' id='word_1_97' title='bbox 394 1830 545 1898; x_wconf 86' lang='grc' dir='ltr'><em>μέλει</em></span> <span class='ocrx_word' id='word_1_98' title='bbox 567 1831 718 1900; x_wconf 86' lang='grc' dir='ltr'><em>μέλει</em></span> <span class='ocrx_word' id='word_1_99' title='bbox 742 1853 834 1901; x_wconf 90' lang='grc' dir='ltr'><em>μοι</em></span> <span class='ocrx_word' id='word_1_100' title='bbox 859 1826 982 1885; x_wconf 82' lang='grc' dir='ltr'><em>τάδ’</em></span> <span class='ocrx_word' id='word_1_101' title='bbox 1012 1835 1063 1885; x_wconf 82' lang='grc' dir='ltr'><em>εί</em></span> <span class='ocrx_word' id='word_1_102' title='bbox 1084 1842 1334 1901; x_wconf 77' lang='grc' dir='ltr'><em>φρονεῖς,</em></span> <span class='ocrx_word' id='word_1_103' title='bbox 1362 1827 1513 1900; x_wconf 75' lang='grc' dir='ltr'><em>ἄναξ,</em></span> 
     </span>
     <span class='ocr_line' id='line_1_24' title="bbox 395 1910 1209 1987; baseline 0.002 -20"><span class='ocrx_word' id='word_1_104' title='bbox 395 1910 658 1984; x_wconf 79' lang='grc' dir='ltr'><em>οὐράνιον</em></span> <span class='ocrx_word' id='word_1_105' title='bbox 681 1917 918 1987; x_wconf 80' lang='grc' dir='ltr'><em>ἕδρανον</em></span> <span class='ocrx_word' id='word_1_106' title='bbox 942 1912 1209 1986; x_wconf 71' lang='grc' dir='ltr'><em>ἐπιβεβὼς</em></span> 
     </span>
     <span class='ocr_line' id='line_1_25' title="bbox 393 1995 1357 2071; baseline 0.003 -20"><span class='ocrx_word' id='word_1_107' title='bbox 393 2001 595 2069; x_wconf 81' lang='grc' dir='ltr'><em>αιθέρα</em></span> <span class='ocrx_word' id='word_1_108' title='bbox 624 1995 672 2054; x_wconf 89' lang='grc' dir='ltr'><em>τ’</em></span> <span class='ocrx_word' id='word_1_109' title='bbox 705 2003 834 2071; x_wconf 81' lang='grc' dir='ltr'><em>ἐμᾶς</em></span> <span class='ocrx_word' id='word_1_110' title='bbox 858 1999 1053 2064; x_wconf 86' lang='grc' dir='ltr'><em>πόλεος</em></span> <span class='ocrx_word' id='word_1_111' title='bbox 1079 1997 1357 2070; x_wconf 88' lang='grc' dir='ltr'><em>ὀλομένας,</em></span> 
     </span>
     <span class='ocr_line' id='line_1_26' title="bbox 395 2081 1862 2155; baseline 0.003 -20"><span class='ocrx_word' id='word_1_112' title='bbox 395 2105 463 2136; x_wconf 93' lang='grc' dir='ltr'><em>αν</em></span> <span class='ocrx_word' id='word_1_113' title='bbox 487 2081 661 2154; x_wconf 78' lang='grc' dir='ltr'><em>πυρὸς</em></span> <span class='ocrx_word' id='word_1_114' title='bbox 685 2087 957 2154; x_wconf 80' lang='grc' dir='ltr'><em>αἰθομένα</em></span> <span class='ocrx_word' id='word_1_115' title='bbox 981 2087 1281 2140; x_wconf 86' lang='grc' dir='ltr'><em>κατέλυσεν</em></span> <span class='ocrx_word' id='word_1_116' title='bbox 1304 2081 1460 2155; x_wconf 84' lang='grc' dir='ltr'><em>ὁρμά.</em></span> <span class='ocrx_word' id='word_1_117' title='bbox 1754 2096 1862 2140; x_wconf 87' lang='grc'>1080</span> 
     </span>
     <span class='ocr_line' id='line_1_27' title="bbox 398 2168 1733 2239; baseline 0.001 -18"><span class='ocrx_word' id='word_1_118' title='bbox 398 2189 438 2221; x_wconf 88' lang='grc' dir='ltr'><em>ω</em></span> <span class='ocrx_word' id='word_1_119' title='bbox 470 2172 629 2238; x_wconf 90' lang='grc' dir='ltr'><em>φίλος</em></span> <span class='ocrx_word' id='word_1_120' title='bbox 654 2190 694 2222; x_wconf 90' lang='grc' dir='ltr'><em>ω</em></span> <span class='ocrx_word' id='word_1_121' title='bbox 725 2168 852 2224; x_wconf 88' lang='grc' dir='ltr'><em>πόσι</em></span> <span class='ocrx_word' id='word_1_122' title='bbox 876 2192 984 2239; x_wconf 88' lang='grc' dir='ltr'><em>μοι,</em></span> <span class='ocrx_word' id='word_1_123' title='bbox 1620 2185 1733 2222; x_wconf 84' lang='grc' dir='ltr'><em>στο.</em></span> 
     </span>
     <span class='ocr_line' id='line_1_28' title="bbox 394 2250 1153 2324; baseline 0.003 -18"><span class='ocrx_word' id='word_1_124' title='bbox 394 2269 464 2306; x_wconf 92' lang='grc' dir='ltr'><em>συ</em></span> <span class='ocrx_word' id='word_1_125' title='bbox 488 2275 589 2322; x_wconf 92' lang='grc' dir='ltr'><em>μεν</em></span> <span class='ocrx_word' id='word_1_126' title='bbox 611 2257 886 2324; x_wconf 87' lang='grc' dir='ltr'><em>φθίμενος</em></span> <span class='ocrx_word' id='word_1_127' title='bbox 911 2250 975 2308; x_wconf 90' lang='grc' dir='ltr'><em>αλ</em></span> <span class='ocrx_word' id='word_1_128' title='bbox 981 2259 1153 2318; x_wconf 92' lang='grc' dir='ltr'><em>αίνεις</em></span> 
     </span>
     <span class='ocr_line' id='line_1_29' title="bbox 397 2333 1862 2409; baseline 0 -18"><span class='ocrx_word' id='word_1_129' title='bbox 397 2333 643 2401; x_wconf 70' lang='grc' dir='ltr'><em>ἄθαπτος</em></span> <span class='ocrx_word' id='word_1_130' title='bbox 669 2337 937 2409; x_wconf 75' lang='grc' dir='ltr'><em>ἄνυδρος,</em></span> <span class='ocrx_word' id='word_1_131' title='bbox 965 2337 1057 2409; x_wconf 75' lang='grc' dir='ltr'><em>ἐμὲ</em></span> <span class='ocrx_word' id='word_1_132' title='bbox 1083 2338 1144 2393; x_wconf 77' lang='grc' dir='ltr'><em>δὲ</em></span> <span class='ocrx_word' id='word_1_133' title='bbox 1168 2337 1396 2393; x_wconf 87' lang='grc' dir='ltr'><em>πόντιον</em></span> <span class='ocrx_word' id='word_1_134' title='bbox 1422 2337 1632 2407; x_wconf 84' lang='grc' dir='ltr'><em>σκάφος</em></span> <span class='ocrx_word' id='word_1_135' title='bbox 1753 2347 1862 2391; x_wconf 76' lang='lat'>1085</span> 
     </span>
     <span class='ocr_line' id='line_1_30' title="bbox 397 2418 1146 2494; baseline 0.004 -19"><span class='ocrx_word' id='word_1_136' title='bbox 397 2418 589 2477; x_wconf 80' lang='grc' dir='ltr'><em>ἀίσσον</em></span> <span class='ocrx_word' id='word_1_137' title='bbox 614 2435 859 2493; x_wconf 86' lang='grc' dir='ltr'><em>πτεροῖσι</em></span> <span class='ocrx_word' id='word_1_138' title='bbox 885 2422 1146 2494; x_wconf 83' lang='grc' dir='ltr'><em>πορεύσει</em></span> 
     </span>
     <span class='ocr_line' id='line_1_31' title="bbox 397 2504 1266 2578; baseline 0.002 -19"><span class='ocrx_word' id='word_1_139' title='bbox 397 2505 696 2577; x_wconf 82' lang='grc' dir='ltr'><em>ἱππόβοτον</em></span> <span class='ocrx_word' id='word_1_140' title='bbox 716 2504 943 2578; x_wconf 42' lang='lat' dir='ltr'><em>yppos,</em></span> <span class='ocrx_word' id='word_1_141' title='bbox 971 2512 1061 2563; x_wconf 82' lang='grc' dir='ltr'><em>ἵνα</em></span> <span class='ocrx_word' id='word_1_142' title='bbox 1088 2513 1266 2578; x_wconf 89' lang='grc' dir='ltr'><em>τείχεα</em></span> 
     </span>
     <span class='ocr_line' id='line_1_32' title="bbox 395 2589 1437 2663; baseline 0.001 -19"><span class='ocrx_word' id='word_1_143' title='bbox 395 2589 560 2644; x_wconf 85' lang='grc' dir='ltr'><em>λάινα</em></span> <span class='ocrx_word' id='word_1_144' title='bbox 582 2590 874 2647; x_wconf 69' lang='grc' dir='ltr'><em>Κυκλώπι’</em></span> <span class='ocrx_word' id='word_1_145' title='bbox 903 2589 1139 2663; x_wconf 78' lang='grc' dir='ltr'><em>οὐράνια</em></span> <span class='ocrx_word' id='word_1_146' title='bbox 1162 2593 1437 2662; x_wconf 87' lang='grc' dir='ltr'><em>νέμονται.</em></span> 
     </span>
     <span class='ocr_line' id='line_1_33' title="bbox 392 2676 1234 2746; baseline 0.004 -17"><span class='ocrx_word' id='word_1_147' title='bbox 392 2677 603 2729; x_wconf 86' lang='grc' dir='ltr'><em>τέκνων</em></span> <span class='ocrx_word' id='word_1_148' title='bbox 630 2676 690 2730; x_wconf 75' lang='grc' dir='ltr'><em>δὲ</em></span> <span class='ocrx_word' id='word_1_149' title='bbox 714 2682 927 2746; x_wconf 82' lang='grc' dir='ltr'><em>πλῆθος</em></span> <span class='ocrx_word' id='word_1_150' title='bbox 951 2680 1010 2732; x_wconf 84' lang='grc' dir='ltr'><em>ἐν</em></span> <span class='ocrx_word' id='word_1_151' title='bbox 1035 2676 1234 2741; x_wconf 84' lang='grc' dir='ltr'><em>πύλαις</em></span> 
     </span>
     <span class='ocr_line' id='line_1_34' title="bbox 659 2776 1403 2820; baseline 0 -1"><span class='ocrx_word' id='word_1_152' title='bbox 659 2777 850 2819; x_wconf 81' lang='lat'>1060—</span> <span class='ocrx_word' id='word_1_153' title='bbox 863 2776 975 2820; x_wconf 81' lang='grc'><em>1070</em></span> <span class='ocrx_word' id='word_1_154' title='bbox 992 2791 1062 2813; x_wconf 83' lang='lat'><strong><em>=</em></strong></span> <span class='ocrx_word' id='word_1_155' title='bbox 1087 2776 1195 2820; x_wconf 84' lang='grc'>1071</span> <span class='ocrx_word' id='word_1_156' title='bbox 1214 2797 1275 2803; x_wconf 86' lang='lat'><strong>—</strong></span> <span class='ocrx_word' id='word_1_157' title='bbox 1291 2776 1403 2819; x_wconf 81' lang='grc'><strong>1080</strong></span> 
     </span>
     <span class='ocr_line' id='line_1_35' title="bbox 657 2856 1397 2902; baseline -0.001 0"><span class='ocrx_word' id='word_1_158' title='bbox 657 2859 845 2902; x_wconf 81' lang='grc'>1081-</span> <span class='ocrx_word' id='word_1_159' title='bbox 860 2859 972 2902; x_wconf 81' lang='grc'>1099</span> <span class='ocrx_word' id='word_1_160' title='bbox 991 2856 1397 2902; x_wconf 68' lang='lat'>:1100—1117</span> 
     </span>
    </p>
   </div>
  </div>
 </body>
</html>
