2018 3117
224 105 326 157 254

229 254 345 303 XO.

228 338 343 388 HA.

221 509 338 558 XO.

223 593 342 642 HA.

225 848 339 898 XO.

225 1696 339 1746 XO.

230 1950 335 1998 ΟΡ.

226 2460 348 2508 HA.

232 2629 338 2677 ΟΡ.

228 2798 347 2848 ΗΛ.

891 107 1067 153 ΟΡΕΣ
1069 109 1159 153 ΤΗ
1163 112 1214 155 Σ

416 245 606 317 θρόει,
633 251 713 309 τίς
738 251 927 300 κακῶν
953 245 1181 300 τελευτὰ
1204 248 1386 317 μένει;
1651 247 1768 306 ἆντ.

413 340 639 387 θανεῖν·
666 335 725 385 τί
744 334 776 384 δ
784 327 797 347 '
827 327 988 394 ἄλλω

413 412 546 471 οὐδὲ
589 413 696 484 γάρ
737 414 922 470 πόθον
946 420 1053 485 ἔχει
1077 420 1262 486 βορᾶς.

410 499 684 572 πρόδηλος
709 491 798 571 ἆρ’
827 496 856 555 ὁ
882 498 1097 571 πότμος.
1801 517 1884 562 190

411 586 671 651 ἐξέθυσεν
712 590 914 656 Φοῖβος
940 581 1079 675 ἡμᾶς

413 671 610 741 μέλεον
634 665 918 740 ἀπόφονον
942 666 1073 741 αἷμα
1099 668 1232 735 δους

413 753 773 826 πατροφόνου
797 754 1013 826 ματρός.

412 844 542 913 δίκα
563 841 679 910 μέν.
704 845 827 894 HA.
854 846 1033 906 καλῶς
1062 836 1113 894 δ’
1144 836 1226 895 οῦ.

412 928 599 987 ἔκανες
636 926 930 994 ἔθανες,ῶ
1805 944 1887 988 195

411 1011 678 1080 τεκομένα
703 1032 768 1080 με
792 1015 988 1082 μᾶτερ,
1015 1006 1121 1065 απὸ
1156 1006 1208 1064 δ’
1240 1006 1446 1074 ὤλεσας

414 1097 620 1165 πατέρα
644 1096 808 1149 τέκνα
828 1117 886 1149 τε
908 1094 1039 1149 τάδε
1066 1096 1234 1149 σέθεν
1259 1091 1349 1165 ἀφ’
1379 1099 1630 1166 αἵματος·

415 1176 642 1250 ὀλόμεθ’
674 1181 980 1249 ἰσονέκυες,
1008 1176 1270 1249 ὀλόμεθα.
1801 1196 1885 1238 200

414 1264 484 1319 σύ
508 1287 565 1319 τε
588 1262 692 1335 γὰρ
722 1267 781 1319 ἐν
805 1276 1050 1335 νεκροῖς,
1087 1263 1147 1319 τό
1171 1260 1218 1318 τ’
1250 1261 1382 1335 ε’μὸν
1409 1272 1613 1335 οἴχεται

413 1355 542 1421 βίου
568 1347 628 1404 τὸ
656 1351 824 1404 πλέον
846 1352 1010 1422 μέρος
1034 1351 1094 1404 ἐν
1117 1355 1442 1420 στοναχαῖσί
1459 1372 1516 1405 τε
1541 1351 1634 1406 καὶ
1657 1350 1836 1422 γόοισι

413 1434 655 1504 δάκρυσί
675 1431 721 1488 τ’
753 1436 1052 1504 ἐννυχίοις·
1801 1451 1883 1493 205

414 1517 647 1591 ἄγαμος,
677 1516 843 1590 ἔπιδ’,
872 1516 1095 1584 ἄτεκνος
1121 1516 1214 1574 ἅτε
1233 1524 1422 1591 βίοτον
1447 1517 1480 1574 ἁ

417 1607 608 1676 μέλεος
633 1609 708 1669 είς
732 1603 829 1659 τὸν
854 1604 973 1660 αι’ὲν
1002 1607 1141 1659 ἕλκω
1168 1604 1384 1676 χρόνον.

411 1687 513 1761 ὅρα
537 1695 818 1761 παροῦσα,
845 1686 1084 1761 παρθέν’
1110 1687 1399 1759 Ἠλέκτρα,
1426 1691 1608 1762 πέλας,

416 1774 488 1846 μὴ
514 1774 812 1830 κατθανών
837 1793 897 1829 σε
923 1773 1192 1845 σύγγονος
1216 1771 1409 1844 λέληθ’
1439 1771 1560 1830 όδε·

417 1857 483 1915 οῦ
508 1883 646 1931 γαρ
641 1857 695 1914 α’
729 1857 948 1930 αρέσκει
972 1865 1046 1914 τῶ
1071 1865 1196 1914 λίαν
1221 1861 1549 1934 παρειμένῳ.
1801 1873 1884 1915 210

415 1937 459 1998 ῶ
486 1950 652 2015 φίλον
678 1941 862 2000 ῦπνου
887 1945 1226 2016 θέλγητρον,
1253 1946 1553 2015 ἐπίκουρον
1576 1943 1765 2015 νόσου,

416 2026 487 2093 ῶς
514 2026 654 2099 ἡδύ
649 2052 738 2084 ιιοι
765 2034 1079 2101 προσῆλθες
1104 2032 1164 2084 ἐν
1190 2030 1380 2084 δέοντί
1396 2050 1471 2096 γε.

417 2115 457 2168 ῶ
484 2113 679 2168 πότνια
707 2114 851 2185 λήθη
876 2120 987 2168 τῶν
1011 2119 1223 2184 κακῶν,
1261 2109 1332 2178 ῶς
1359 2113 1409 2169 εἴ
1430 2112 1575 2185 σοφὴ

413 2199 505 2253 καὶ
530 2212 669 2254 τοισι
694 2203 1065 2268 δυστυχοῦσιν
1094 2195 1320 2253 εὐκταία
1343 2198 1488 2263 θεός.

416 2283 594 2339 πόθεν
622 2306 724 2339 ποτ
731 2276 952 2354 ’ἦλθον
979 2288 1174 2353 δεῦρο·
1163 2326 1175 2348 ,
1202 2288 1316 2347 πῶς
1341 2280 1394 2338 δ’
1424 2280 1732 2355 ἆφικόμην;
1800 2297 1882 2339 215

419 2366 715 2439 αμνημονῶ
741 2391 871 2439 γαρ,
900 2374 1011 2423 τῶν
1039 2369 1172 2439 πρὶν
1198 2364 1561 2438 ἀπολειφθεὶς
1587 2373 1828 2439 φρενῶν.

418 2455 458 2508 ῶ
488 2451 740 2524 φίλταθ,
771 2450 842 2517 ῶς
865 2450 923 2524 μ’
949 2449 1239 2525 ηὔφρανας
1265 2457 1341 2516 είς
1366 2449 1548 2508 ὕπνον
1573 2453 1775 2509 πεσών.

417 2537 606 2608 βούλει
630 2544 776 2609 θίγω
803 2556 904 2594 σου
929 2536 1323 2607 κάνακουφίσω
1350 2539 1543 2609 δέμας·
1531 2581 1544 2604 ,

415 2629 590 2721 λαβοῦ
617 2629 792 2694 λαβοῦ
820 2620 960 2694 δῆτ’,
988 2626 1047 2678 ἐκ
1076 2619 1129 2677 δ’
1162 2618 1398 2692 ὄμορξον
1420 2620 1626 2679 ἀθλίου

416 2707 678 2778 στόματος
703 2705 934 2779 αφρῶδη
961 2710 1058 2763 πέλ
1065 2729 1202 2762 ανον
1225 2703 1484 2777 ὀμμάτων
1510 2704 1559 2762 τ’
1589 2709 1752 2778 ε’μῶν.
1799 2719 1882 2761 220

420 2791 561 2847 ιδού’
572 2790 631 2847 τὸ
659 2789 922 2863 δούλευμ’
950 2789 1086 2863 ἡδύ,
1113 2788 1250 2846 κούκ
1277 2788 1572 2863 αναίνομαι

421 2874 616 2947 αδέλφ’
648 2874 717 2931 αδ
723 2883 861 2947 ελφη
885 2878 1026 2949 χειρὶ
1048 2864 1388 2950 θεραπεύειν
1411 2878 1562 2948 μέλη.
