2018 3117
102 245 208 295 XO.

102 413 204 462 KP.

97 664 248 713 ΠΑΙ.

97 833 211 882 ΧΟ.
266 822 281 841 '

100 1338 247 1387 ΠΑΙ.

849 96 984 143 mlv
1636 96 1739 147 139

277 233 447 306 οἶσθ’,
474 227 517 290 ῶ
543 240 678 307 φίλη
704 236 992 305 δέσποινα,
1017 233 1115 289 τὸν
1140 241 1368 290 νεανίαν

282 317 342 385 ὂς
364 316 516 375 τόνδ’
545 325 727 391 ἔσαιρε
749 317 915 385 ναόν;
941 310 1101 382 οὗτος
1125 315 1248 374 ἔσθ’
1278 316 1306 374 ὁ
1330 331 1473 383 παῖς.
1659 334 1740 379 795

283 401 372 459 ἀν’
403 400 580 475 ὑγρὸν
604 401 880 474 ἀμπταίην
904 404 1103 473 αἰθέρα
1130 403 1315 476 πόρσω
1341 409 1466 474 γαί-

284 512 346 552 ας
362 484 642 552 Ἑλλανίας
656 530 669 557 ,
701 484 927 558 ἀστέρας
951 488 1230 556 ἑσπέρους,

285 569 404 627 οἷον
429 567 548 626 οἷον
573 567 735 643 ἄλγος
759 577 972 625 ἔπαθον
997 576 1171 641 φίλαι.

284 654 459 727 ὄνομα
483 655 544 710 δὲ
568 668 728 711 ποῖον
749 651 921 710 αὐτὸν
947 651 1196 724 ὀνομάζει
1221 656 1427 726 πατήρ;
1658 672 1740 715 800

287 736 459 810 οἶσθ’,
485 736 521 810 ἢ
544 745 720 812 σιωπῇ
744 735 896 794 τοῦτ’
926 738 1238 809 ἀκήρυκτον
1263 741 1437 808 μένει;

281 822 436 894 Ἰων’,
462 826 682 896 ἐπείπερ
709 829 920 895 πρῶτος
943 820 1179 895 ἤντησεν
1202 830 1382 893 πατρί.

282 905 481 981 μητρὸς
507 905 560 962 δ’
589 904 779 971 ὁποίας
804 910 982 973 ἐστίν,
1023 907 1124 963 οὐκ
1153 913 1252 977 ἔχω
1276 912 1497 978 φράσαι.

286 996 530 1065 φροῦδος
554 989 626 1063 δ’,
654 988 727 1047 ἵν’
759 997 906 1063 εἰδῇς
930 990 1106 1047 πάντα
1131 987 1256 1045 τάπ’
1286 994 1448 1063 ἐμοῦ,
1474 995 1656 1065 γέρον,

284 1074 478 1140 παιδὸς
501 1077 805 1148 προθύσων
831 1078 979 1143 ξένια
1002 1077 1094 1131 καὶ
1117 1077 1395 1147 γενέθλια,
1657 1093 1741 1136 805

283 1159 486 1232 σκηνὰς
511 1162 563 1225 ἐς
588 1158 734 1233 ἱερὰς
758 1165 921 1232 τῆσδε
946 1167 1226 1231 λαθραίως
1252 1159 1424 1232 πόσις,

285 1250 441 1317 κοινῇ
465 1245 727 1311 ξυνάψων
753 1249 909 1300 δαῖτα
937 1247 1091 1300 παιδὶ
1114 1250 1189 1320 τῷ
1214 1246 1338 1319 νέω.

284 1331 568 1400 δέσποινα,
596 1329 1045 1401 προδεδόμεσθα,
1072 1328 1178 1384 σὺν
1201 1329 1305 1401 γάρ
1331 1347 1417 1385 σοι
1441 1336 1605 1401 νοσῶ,

285 1420 382 1468 τοῦ
409 1419 509 1469 σοῦ
535 1411 669 1485 πρὸς
692 1410 893 1485 ἀνδρὸς
916 1415 1007 1469 καὶ
1032 1416 1490 1485 μεμηχανημένως

285 1496 656 1570 ὑβριζόμεσθα
680 1498 948 1568 δωμάτων
972 1496 1020 1553 τ’
1044 1495 1341 1570 Ἐρεχθέως
1658 1513 1742 1556 810

288 1581 700 1653 ἐκβαλλόμεσθα
717 1600 727 1610 “
757 1584 848 1637 καὶ
878 1581 976 1638 σὸν
995 1579 1061 1637 οὐ
1088 1589 1306 1653 στυγῶν
1331 1581 1493 1638 πόσιν

283 1668 422 1737 λέγω
438 1710 452 1736 ,
479 1666 539 1721 σὲ
561 1668 746 1737 μέντοι
770 1672 978 1737 μᾶλλον
1001 1662 1036 1738 ἢ
1062 1680 1249 1722 κεῖνον
1273 1673 1479 1738 φιλῶν·

285 1749 432 1813 ὅστις
455 1769 515 1805 σε
541 1750 714 1822 γήμας
741 1753 891 1817 ξένος
916 1750 1255 1808 ἐπεισελθὼν
1279 1751 1442 1807 πόλιν

284 1837 376 1891 καὶ
401 1839 555 1906 δῶμα
578 1837 669 1890 καὶ
695 1834 798 1907 σὴν
821 1835 1156 1908 παραλαβών
1179 1841 1543 1907 παγκληρίαν,

288 1918 450 1990 ἄλλης
475 1917 736 1990 γυναικὸς
759 1924 957 1985 παῖδας
981 1921 1422 1993 ἐκκαρπούμενος
1660 1935 1741 1978 815

285 2004 468 2077 λάθρα
491 2007 763 2076 πέφηνεν·
799 2001 870 2069 ῶς
894 2005 1078 2079 λάθρᾳ
1101 2002 1174 2075 δ’,
1201 2004 1306 2077 ε’γῶ
1334 2003 1555 2077 φράσω·

287 2091 408 2143 ἐπεί
425 2086 476 2143 σ’
504 2085 735 2145 ἄτεκνον
756 2085 970 2163 ᾔσθετ’,
998 2088 1101 2147 οὐκ
1127 2092 1350 2161 ἔστεργέ
1369 2107 1454 2144 σοι

287 2170 468 2243 ὅμοιος
495 2173 634 2229 εἶναι
656 2179 750 2246 τῆς
773 2173 937 2246 τύχης
959 2172 1009 2230 τ’
1039 2184 1159 2231 ἴσον
1184 2177 1393 2247 φέρειν,

288 2254 472 2329 λαβὼν
500 2258 561 2314 δὲ
585 2262 758 2315 δοῦλα
779 2261 974 2332 λέκτρα
996 2259 1320 2332 νυμφεύσας
1344 2257 1527 2332 λάθρᾳ

288 2338 385 2398 τὸν
408 2340 561 2399 παῖδ’
593 2349 827 2414 ἔφυσεν,
855 2346 1187 2416 ἐξενωμένον
1212 2347 1276 2399 δέ
1295 2365 1369 2417 τῳ
1660 2354 1742 2399 820

289 2433 532 2497 Δελφῶν
559 2432 789 2484 δίδωσιν
813 2431 1125 2500 ἐκτρέφειν·
1152 2425 1180 2484 ὃ
1207 2425 1260 2483 δ’
1290 2430 1350 2483 ἐν
1372 2432 1514 2482 θεοῦ

291 2509 542 2582 δόμοισιν
565 2509 790 2584 ἄφετος,
817 2509 889 2577 ῶς
912 2513 1104 2584 λάθοι,
1131 2510 1464 2568 παιδεύεται.

289 2603 516 2651 νεανίαν
540 2593 592 2653 δ’
623 2594 694 2662 ῶς
715 2593 908 2671 ᾔσθετ’
937 2599 1396 2670 ἐκτεθραμμένον,

292 2683 479 2735 ἐλθεῖν
501 2678 554 2736 σ’
583 2687 764 2738 ἔπεισε
788 2679 944 2753 δεῦρ’
981 2679 1236 2747 ἀπαιδίας
1259 2681 1436 2752 χάριν.

292 2756 428 2837 κᾷθ’
456 2761 484 2820 ὃ
509 2764 641 2831 θεὸς
665 2764 768 2823 οὐκ
794 2764 1083 2837 ἐψεύσαθ’,
1111 2763 1207 2822 ὅδε
1235 2763 1287 2822 δ’
1315 2763 1581 2831 ἐψεύσατο
1661 2776 1744 2820 825

294 2847 460 2904 πάλαι
484 2850 704 2920 τρέφων
717 2848 822 2928 ’τὸν
846 2855 1040 2921 παῖδα,
1064 2848 1338 2906 κᾶπλεκεν
1365 2846 1569 2912 πλοκὰς
