2018 3117
483 120 513 163 Ι
516 119 846 165 ΦΙΓΕΝΕΙΛ
881 119 940 164 Η
971 118 1062 165 ΕΝ
1099 120 1183 164 TA
1192 117 1392 164 ΤΡΟΙΣ

271 254 545 320 κρηπῖδας
584 251 718 321 εὕρῃ
758 253 949 313 λαΐνας
985 252 1309 321 ἀγάλματος.

273 339 388 397 πῶς
426 334 492 387 οὐ
519 341 824 403 θανοῦμαι;
863 339 943 396 τίς
982 334 1033 386 δ’
1074 338 1257 388 ἔνεστί
1290 355 1380 404 μοι
1408 335 1594 401 λόγος;

1683 114 1748 162 93

1667 346 1748 387 998

276 417 343 470 ου’
363 419 473 486 μήν
491 439 538 470 τι
562 419 752 485 φευ’γω
774 416 828 484 γ’
857 416 996 470 ου’δέ
1014 417 1071 486 μ’
1102 420 1149 469 εἰ
1167 425 1366 470 θανεῖν
1386 418 1578 486 χρεών,
1643 430 1749 468 1004

276 506 450 553 σῶσαι
475 500 540 553 τα
568 500 647 553 σ’·
691 499 758 553 οὐ
783 498 889 595 γάρ
917 499 1040 551 ἀλλ’
1070 499 1210 567 ἀνὴρ
1235 501 1337 596 μὲν
1365 502 1425 554 ἐκ
1455 502 1639 567 δόμων

293 579 488 635 θανών
512 579 772 643 ποθεινός
786 622 800 648 ,
827 577 891 633 τὰ
917 579 977 634 δε
1000 577 1263 650 γυναικὸς
1289 576 1517 650 ἀσθενῆ.

107 673 212 722 ΟΡ.
292 662 393 720 οὐκ
420 687 488 719 αν
511 669 775 735 γενοίμην
799 669 900 718 σοῦ
926 685 983 717 τε
1006 664 1098 717 καὶ
1125 661 1327 734 μητρὸς
1353 662 1583 734 φονεύς

295 746 359 804 ἇλ
365 773 412 812 ις
435 747 494 804 τὸ
520 754 704 818 κείνης
732 753 878 817 αἱμα·
908 746 1224 817 κοινόφρων
1250 746 1310 802 δε
1336 749 1420 803 σοὶ

291 834 382 888 καὶ
409 839 503 904 ζῆν
526 829 742 903 θέλοιμ’
773 855 842 886 αν
865 833 957 886 καὶ
981 840 1176 886 θανωι
1203 839 1389 901 λαχεῖν
1416 840 1552 888 ἴσον.

296 915 402 984 ἄξω
429 919 494 972 δέ
514 914 587 987 6'‚
615 913 788 988 ἤνπερ
815 915 886 987 μὴ
913 913 1077 980 αὐτὸς
1102 919 1370 971 ἐνταυθοῖ
1390 918 1555 986 πέσω,

293 999 428 1072 πρὸς
454 1000 633 1071 οἶκον,
654 996 688 1071 ἢ
713 1006 814 1055 σοῦ
839 999 1136 1056 κατθανων
1160 1023 1306 1071 μενω
1331 1003 1484 1101 μέτα.

296 1086 516 1158 γνώμης
542 1083 595 1140 δ’
625 1082 890 1140 ἄκουσον·
920 1091 970 1140 εἰ
989 1085 1290 1157 πρόσαντες
1316 1086 1388 1155 ἠν
1410 1085 1537 1142 τόδε

286 1169 586 1242 Ἀρτέμιδι,
613 1192 727 1233 πως
752 1165 820 1224 α“ν
843 1172 1041 1236 Λοξιας
1066 1170 1325 1226 ἐθέσπισε

293 1261 514 1325 κομισαι
539 1251 597 1325 μ’
628 1251 841 1324 άγαλμα
867 1260 1003 1319 θεᾶς
1028 1254 1263 1325 πόλισμα
1286 1254 1578 1320 Παλλάδος

296 1341 388 1395 καὶ
412 1338 514 1394 σὸν
541 1338 836 1409 πρόσωπον
863 1343 1119 1404 εἰσιδεῖν,
1146 1335 1361 1393 άπαντα
1383 1337 1488 1411 γὰρ

296 1425 524 1488 συνθεις
547 1419 667 1478 τάδ’
700 1428 776 1486 είς
802 1445 863 1477 εν
885 1422 1082 1479 νόστον
1107 1426 1300 1489 ἐλπίζω
1327 1430 1534 1494 λαβεῖν.

112 1515 202 1562 lm.
292 1514 405 1572 πῶς
429 1509 532 1564 οὐν
554 1505 754 1577 γένοιτ’
784 1531 851 1561 αν
880 1504 1018 1562 ω’στε
1041 1504 1176 1578 μήθ’
1204 1504 1343 1578 ἡμᾶς
1369 1516 1587 1577 θανεῖν,

298 1599 485 1662 λαβεῖν
520 1591 583 1645 θ’
604 1588 638 1646 ἃ
661 1591 1044 1661 βουλόμεσθα;
1071 1595 1200 1663 τῇδε
1226 1615 1329 1662 γαρ
1355 1605 1512 1647 νοσεῖ

294 1676 485 1740 νόστος
510 1673 645 1746 πρὸς
671 1682 881 1739 οἴκους·
907 1672 940 1747 ἡ
966 1677 1026 1731 δε
1050 1674 1309 1747 βούλησις
1334 1676 1496 1745 πάρα.

111 1767 216 1816 ΟΡ.
296 1754 385 1831 ἆρ’
415 1785 483 1819 αν
507 1760 784 1830 τύραννον
808 1762 1048 1816 διολέσαι
1075 1758 1374 1831 δυναίμεθ’
1404 1757 1502 1827 άν;

113 1853 204 1900 ΙΦ.
294 1845 481 1902 δεινὸν
504 1841 620 1902 τόδ’
651 1843 828 1914 εἶπας,
855 1846 1178 1915 ξενοφονεῖν
1206 1845 1339 1915 ἐπήλ
1345 1849 1496 1909 υδας.

112 1937 216 1985 ΟΡ.
297 1928 417 1986 ἀλλ’
449 1935 499 1984 εἰ
519 1929 580 1986 σὲ
605 1928 767 1984 στάσει
794 1926 959 2000 κάμέ,
987 1932 1398 1985 κινδυνευτέον.

109 2022 205 2070 ΙΦ.
295 2012 396 2071 οὐκ
425 2009 493 2069 ἄν
518 2019 822 2084 δυναίμην,
850 2012 909 2068 τὸ
938 2015 998 2069 δὲ
1023 2013 1318 2085 πρόθυμον
1344 2010 1529 2086 ᾔνεσα.

112 2106 216 2154 ΟΡ.
296 2106 354 2155 τί
377 2096 449 2170 δ’,
480 2107 533 2154 εἴ
549 2121 615 2169 με
639 2104 754 2172 ναῷ
782 2102 921 2173 τῷδε
945 2097 1212 2169 κρύψειας
1238 2099 1448 2172 λάθρα;

110 2191 207 2240 ΙΦ.
299 2182 400 2240 εἰ’σ’
430 2188 590 2239 ἔνδον
618 2187 768 2253 ἱεροῦ
797 2182 1067 2254 φύλακες,
1096 2179 1194 2247 οὓς
1217 2181 1284 2238 οὐ
1309 2183 1560 2255 λήσομεν.

113 2275 218 2323 ΟΡ.
301 2277 444 2340 οἴμοι
469 2268 922 2341 διεφθάρμεσθα·
950 2274 1064 2332 πῶς
1088 2276 1366 2339 σωθεῖμεν
1391 2266 1488 2334 &m

109 2360 208 2408 ΙΦ.
296 2359 440 2418 ἔχειν
468 2357 613 2408 δοκῶ
638 2377 728 2423 μοι
753 2351 949 2408 καινὸν
975 2352 1242 2423 ἐξεύρημά
1268 2376 1334 2407 τι.

115 2443 221 2492 ΟΡ.
299 2438 460 2495 ποῖόν
483 2462 532 2492 τι
553 2463 565 2504 3
595 2438 754 2510 δόξης
777 2436 1007 2510 μετάδος
1023 2480 1039 2507 ,
1067 2434 1139 2501 ὡς
1162 2435 1312 2508 κάγω
1338 2436 1517 2508 μάθω.

111 2528 208 2576 ΙΦ.
298 2535 412 2587 ταῖς
435 2535 586 2576 σαῖσι
612 2528 831 2591 μανίαις
855 2525 1123 2591 χρήσομαι
1150 2528 1504 2591 σοφίσμασιν.

117 2612 223 2660 ΟΡ.
302 2608 479 2661 δειναὶ
505 2604 607 2677 γὰρ
633 2611 695 2661 αι’
715 2618 974 2677 γυναῖκες
999 2601 1278 2673 εὑρίσκειν
1302 2607 1506 2676 τέχνας.

115 2697 210 2744 ΙΦ.
301 2691 473 2758 φονέα
496 2711 556 2745 σε
582 2691 738 2761 φήσω
762 2687 962 2762 μητρὸς
989 2691 1040 2755 ἐξ
1061 2686 1301 2759 ’Ἄργους
1324 2698 1527 2761 μολεῖν..

229 2819 309 2859 ΙΦ.
369 2813 429 2865 ὡς
461 2814 519 2871 δὴ
553 2832 714 2867 σκοτος
745 2814 959 2874 λαβόντες
989 2820 1269 2871 ἐκσωθεῖμεν
1303 2813 1387 2870 o'c'v;

226 2887 318 2928 ΟΡ.
367 2887 571 2926 κλεπτῶν
601 2882 684 2940 γάρ
710 2882 738 2941 ἡ
771 2885 878 2939 νύξ,
908 2888 989 2941 τῆς
1020 2882 1067 2927 δ’
1100 2882 1326 2940 ἀληθείας
1356 2882 1407 2928 τὸ
1440 2884 1538 2935 <pais

1649 931 1755 972 1010

1647 1354 1754 1395 1015

1651 1776 1757 1818 1020

1652 2197 1754 2241 1027

1649 2451 1757 2493 1030

1655 2820 1756 2860 1025
