2018 3117
448 92 824 138 ΙΦΙΓΕΝΕΙΑ
859 94 913 138 Η
948 95 1044 140 ΕΝ
1081 94 1332 139 ΑΤΛΙΔΙ
1654 89 1719 144 17

268 226 408 293 τάμὰ
444 227 496 284 δ’
536 227 639 285 οὐκ
673 227 955 285 ἀποκτενῶ
985 228 1084 301 ’γω
1130 233 1319 287 τέκνα·
1366 230 1469 287 κού
1516 233 1574 287 τὸ
1622 231 1724 290 σὸν

818 314 918 384 μὲν
944 307 1008 369 εὖ

272 396 419 468 παρὰ
443 402 606 469 δίκην
631 404 778 453 ἔσται
802 405 1060 470 κακίστης
1087 397 1304 464 εὔνιδος
1328 407 1577 474 τιμωρίᾳ,

275 478 366 552 ἐμὲ
392 482 452 536 δὲ
476 482 803 552 συντήξουσι
826 481 1022 548 νύκτες
1046 480 1240 554 ἡμέραι
1265 507 1322 538 τε
1348 485 1624 554 δακρύοις,

275 563 450 636 άνομα
474 571 691 635 δρῶντα
716 563 818 620 κού
844 570 1029 622 δίκαια
1053 572 1250 632 παῖδας
1274 565 1371 634 οὓς
1407 566 1718 641 εγεινάμην.

270 650 440 705 ταῦτά
455 669 538 704 σοι
552 651 754 721 βραχεά
767 652 1012 706 λέλεκται
1038 653 1129 706 και
1155 660 1307 722 σαφῆ
1329 654 1420 707 καὶ
1446 652 1623 724 ρᾴδια·
1639 667 1723 709 400

273 740 324 789 εί
345 734 406 789 δε
419 733 490 805 μὴ
505 733 693 805 βούλει
719 747 950 806 φρονεῖν
969 728 1049 805 εὖ,
1067 732 1180 805 τᾶμ’
1211 732 1316 805 εγω
1343 736 1500 806 θήσω
1527 744 1722 803 καλῶς.

78 825 187 874 XO.
273 816 379 873 οῖ”δ
408 819 479 874 αὖ
508 818 765 889 διάφοροι
789 824 900 873 τῶν
925 820 1094 891 πάρος
1120 822 1463 890 λελεγμένων

271 902 500 973 μύθων,
528 908 705 966 καλῶς
734 899 786 956 δ’
819 909 1028 973 ἔχουσι,
1057 909 1351 974 φείδεσθαι
1376 906 1600 959 τέκνων.

78 993 200 1040 ΜΕ.
268 992 406 1056 αιάῖ,
435 992 632 1058 φίλους
658 982 747 1056 ἄρ’
776 984 899 1058 οὐχὶ
923 987 1198 1058 κεκτήμην
1221 987 1399 1053 τάλας.

71 1076 235 1125 ΑΓΛ.
272 1077 323 1126 εἰ
343 1069 470 1135 τοὺς
498 1077 694 1142 φίλους
719 1094 780 1140 γε
807 1071 878 1142 μὴ
906 1074 1087 1137 θέλεις
1113 1069 1433 1128 ἀπολλύναι.
1638 1087 1722 1130 405

72 1161 199 1209 ME.
268 1158 459 1221 δείξεις
487 1155 547 1209 δὲ
571 1161 679 1209 ποῦ
706 1179 797 1225 μοι
823 1156 1023 1224 πατρὸς
1050 1153 1109 1213 ἐκ
1135 1153 1339 1212 ταὺτοῦ
1365 1157 1569 1228 γεγως;

72 1244 237 1293 ΑΓΛ.
273 1252 693 1310 συνσωφρονεῖν
718 1259 803 1294 σοι
826 1239 1060 1312 βούλομ’
1077 1285 1090 1310 ,
1119 1238 1239 1296 ἀλλ’
1269 1238 1336 1296 ού
1363 1254 1674 1297 συννοσεῖν.

75 1329 200 1377 ΜΕ.
265 1327 317 1388 ἐς
343 1321 533 1378 κοινὸν
557 1319 747 1393 ἀλγεῖν
774 1337 882 1389 τοῖς
909 1331 1118 1395 φίλοισι
1142 1324 1242 1396 χρὴ
1269 1332 1482 1397 φίλους.
1534 1337 1547 1391 1

68 1412 220 1462 ΑΓΑ
273 1399 337 1463 εὖ
365 1412 515 1477 δρῶν
537 1408 839 1479 παρακάλει
863 1405 942 1479 μ’,
971 1406 1107 1464 ἀλλὰ
1129 1409 1201 1481 μὴ
1231 1415 1423 1464 λυπῶν
1451 1412 1558 1479 ἐμέ.

71 1497 200 1545 ΜΕ.
271 1489 372 1546 οὐκ
399 1487 503 1560 ἄρα
530 1496 686 1547 δοκεῖ
706 1511 790 1547 σοι
816 1493 944 1548 τάδε
970 1507 1162 1549 πονεῖν
1187 1492 1293 1550 σὺν
1311 1490 1554 1560 Ἑλλάδι,
1637 1509 1720 1550 410

6 1569 10 1572 ’
66 1580 234 1630 ΑΓΛ.
263 1573 448 1638 Ἑλλὰς
473 1575 534 1629 δὲ
559 1573 665 1630 σὺν
691 1578 776 1631 σοὶ
802 1575 937 1632 κατὰ
960 1577 1098 1633 θεὸν
1123 1591 1275 1633 νοσεῖ
1296 1601 1434 1632 τινα.

73 1665 196 1713 ΜΕ.
268 1659 523 1733 σκήπτρω
549 1683 656 1714 νυν
681 1656 852 1730 αύχει,
880 1659 980 1716 σὸν
1007 1669 1336 1732 κασίγνητον
1364 1662 1620 1732 προδούς.

451 1741 634 1765 ,,,,,

272 1835 469 1900 φίλους
493 1825 532 1882 τ’
561 1825 637 1884 ἐπ’
667 1826 881 1895 άλλους.
908 1837 1068 1886 ΑΓΓ.
1097 1854 1138 1885 ω
1163 1829 1540 1900 Πανελλήνων
1564 1827 1716 1902 αναξ,

261 1909 626 1983 Ἀγάμεμνον,
655 1910 768 1984 ἥκω
798 1915 967 1969 παῖδά
992 1933 1077 1971 σοι
1101 1939 1201 1986 την
1226 1913 1328 1985 σὴν
1356 1911 1524 1985 άγων,
1634 1929 1717 1971 415

265 2021 335 2068 ην
356 1995 681 2068 Ἰφιγένειαν
708 1994 981 2069 ωνόμαζες
1014 2003 1074 2055 ἐν
1103 2000 1305 2070 δόμοις.

266 2081 440 2153 μήτηρ
470 2078 522 2135 δ’
553 2079 803 2153 ὁμαρτεῖ,
831 2089 926 2153 σῆς
951 2083 1439 2154 Κλυταιμνήστρας
1469 2085 1651 2154 δέμας,

265 2167 356 2221 καὶ
380 2178 504 2230 παῖς
534 2163 812 2237 Ὀρέστης,
846 2170 982 2223 ὥστε
1011 2174 1310 2240 τερφθείης
1340 2165 1493 2235 ἰδών,

262 2250 464 2319 χρόνον
491 2249 725 2305 παλαιὸν
747 2253 1015 2322 δωμάτων
1041 2257 1272 2323 ἔκδημος
1300 2249 1394 2306 ὤν.

264 2330 384 2390 ἀλλ’
414 2330 484 2399 ὡς
509 2333 724 2406 μακρὰν
750 2342 982 2407 ἔτεινον,
1012 2334 1247 2407 εὔρυτον
1273 2333 1419 2406 παρὰ
1633 2351 1718 2392 420

264 2418 477 2490 κρήνην
500 2415 846 2490 ἀναψύχουσι
873 2421 1170 2491 θηλύπουν
1195 2420 1374 2491 βάσιν,

264 2499 433 2558 αὐταί
455 2526 512 2557 τε
539 2509 719 2559 πῶλοί
738 2502 786 2559 τ’
806 2524 816 2533 ·
849 2509 923 2569 εἰς
950 2505 1011 2560 δὲ
1035 2504 1322 2575 λειμώνων
1345 2504 1513 2575 χλόην

260 2597 528 2657 καθεῖμεν
553 2585 747 2658 αὐτάς,
780 2586 850 2654 ὡς
874 2595 1040 2661 βορᾶς
1066 2595 1375 2660 γευσαίατο.

265 2669 369 2741 ἐγω
399 2672 460 2726 δὲ
483 2671 792 2744 πρόδρομος
816 2678 911 2744 σῆς
933 2679 1278 2744 παρασκευῆς
1302 2672 1461 2745 χάριν

264 2751 406 2824 ἥκω·
435 2757 701 2811 πέπυσται
729 2756 832 2830 γὰρ
859 2757 1110 2828 στρατός,
1137 2770 1319 2827 ταχεῖα
1344 2756 1447 2829 γὰρ
1629 2770 1713 2811 425

265 2840 413 2909 διῇξε
438 2839 589 2909 φήμη
605 2883 617 2907 ,
646 2846 812 2895 παῖδα
838 2839 942 2911 σὴν
966 2838 1290 2913 ἀφιγμένην.

219 2932 366 2963 svam.
403 2935 505 2966 νοτ..
541 2919 598 2964 11·
1427 2921 1458 2968 2
