2018 3117
249 101 350 149 246

248 265 353 313 νην
389 241 672 312 εἰσπέμπει
707 239 843 310 πρὸς
881 240 1184 312 Μυκήνας,
1225 237 1355 310 μεθ’
1394 237 1603 312 ἡμέραν
1643 242 1704 300 δὲ
1739 237 1846 296 αὖ-

247 326 338 391 τός
377 325 563 398 εἰσῄει,
600 325 692 379 καὶ
723 324 821 380 τὸν
861 321 1120 397 Ὀρέστην
1162 325 1439 395 μεμηνότα
1485 323 1697 399 εὑρών,
1736 349 1844 382 πα-

249 418 563 482 ρακαλεῖται
610 409 711 480 μὲν
757 407 866 465 ὑπὸ
897 406 1154 481 Ὀρέστου
1201 411 1293 464 καὶ
1330 406 1621 481 Ἠλέκτρας
1667 416 1840 468 σῶσαι

211 528 214 529 ⁷
248 492 476 559 αὐτούς·
514 491 541 549 ὁ
585 517 688 564 γαρ
726 500 819 566 τῆς
851 494 1342 566 Κλυταιμνήστρας
1392 494 1567 567 πατὴρ
1623 495 1842 551 Τυνδά-

200 594 387 652 ὀρεως
424 578 629 643 πάντας
679 575 958 651 Ἀργείους
1004 576 1125 634 κατ’
1177 575 1363 634 αὐτῶν
1420 582 1701 651 ἐκίνησεν,
1750 584 1842 635 ἴνα

247 661 477 728 τούτους
515 660 587 728 ὠς
623 664 1029 735 μητροκτόνους
1063 662 1340 719 ἀνέλοιεν·
1381 660 1453 729 ὡς
1478 665 1539 720 δε
1566 664 1662 720 τὸν
1693 673 1841 720 Τυν-

172 761 175 764 “
246 749 461 819 δάρεων
487 746 844 819 ἀντιλέγοντα
882 751 1038 821 εὗρε,
1075 750 1167 804 καὶ
1193 746 1301 820 άμα
1326 750 1418 803 καὶ
1442 747 1607 814 αυτὸς
1630 747 1841 805 ὑπολο-

243 833 523 905 γιζόμενος
549 830 621 897 ὡς
657 831 974 937 εἰὈρέστης
1010 802 1334 905 ἀναιρεθείη
1372 833 1631 905 βασιλεὺς
1676 831 1841 899 αὐτὸς

243 925 392 974 ἔσται
437 924 536 973 τοῦ
577 916 843 990 Ἄργους,
882 917 985 976 οὐκ
1020 917 1225 990 ηθελεν
1263 916 1487 993 Ὀρέστῃ
1534 942 1592 974 τε
1636 943 1728 974 και
1774 923 1840 990 τῇ

177 1001 455 1076 ΙΟάδελφῇ
499 1018 836 1075 συμμαχεῖν,
875 1003 1011 1061 ἀλλὰ
1057 1003 1116 1060 τὸ
1161 1009 1273 1059 τῶν
1313 1001 1578 1076 Ἀργείων
1624 1010 1840 1075 πλῆθος

243 1094 430 1159 ἔλεγεν
468 1085 847 1160 ευλαβεῖσθαι.
897 1095 1116 1160 πρῶτον
1153 1089 1253 1160 μὲν
1303 1090 1406 1144 οὐν
1445 1087 1709 1194 Ὀρέστης
1746 1091 1840 1145 καὶ

248 1172 577 1245 Τυνδάρεως
613 1177 979 1245 διελέχθησαν
1005 1172 1142 1244 πρὸς
1167 1171 1266 1228 άλλ
1274 1172 1464 1244 ήλους,
1494 1168 1521 1230 ὃ
1547 1197 1647 1245 μεν
1674 1171 1745 1238 ὡς
1769 1170 1837 1229 οὐ

241 1263 466 1321 δικαίως
502 1254 748 1315 ἀνείλετο
777 1258 1274 1330 Κλυταιμνήστραν
1303 1258 1552 1329 δεικνύς,
1585 1256 1839 1330 Ὀρέστης

241 1342 302 1398 δὲ
330 1340 400 1407 ὡς
425 1343 516 1396 καὶ
541 1342 684 1414 μάλα
723 1349 980 1414 δικαίως,
1018 1349 1067 1400 εἰ
1094 1344 1185 1398 καὶ
1221 1344 1476 1415 μυριάκις
1512 1341 1687 1399 αὐτὸν
1725 1348 1835 1399 ἔδει

172 1444 224 1485 15
239 1427 522 1483 τεθνάναι.
571 1434 754 1484 ἔπειτα
793 1430 1081 1500 ἐκκλησίας
1115 1431 1175 1484 ἐν
1211 1427 1509 1500 ἀκροπόλει
1543 1434 1837 1499 Μυκηνῶν

241 1513 536 1584 γενομένης
561 1513 653 1567 καὶ
687 1513 997 1570 συνιόντων
1021 1519 1130 1570 τῶν
1157 1514 1516 1586 προυχόντων
1546 1516 1606 1569 ἐν
1625 1511 1833 1584 ’Ἀργει,

236 1595 486 1670 Ὀρέστης
512 1595 620 1653 ὑπὸ
645 1599 915 1656 Πυλάδου
943 1599 1195 1671 φοράδην
1222 1602 1396 1655 ἐκεῖσε
1421 1605 1710 1670 κομίζεται.
1739 1598 1834 1653 λό-

240 1705 354 1753 γων
381 1682 441 1737 δὲ
467 1689 688 1738 πολλῶν
721 1685 1032 1756 γινομένων
1057 1685 1148 1739 καὶ
1187 1690 1298 1740 τῶν
1335 1683 1434 1754 μὲν
1470 1682 1835 1755 βοηθούντων

233 1765 483 1839 Ὀρέστῃ,
517 1774 628 1822 τῶν
677 1770 736 1825 δὲ
782 1771 1249 1841 ἐναντιουμένων,
1290 1771 1440 1832 τέλος
1488 1771 1748 1838 ἐνίκησαν
1783 1770 1837 1823 οἱ

170 1857 421 1921 Ζοκακοί,
469 1854 561 1907 καὶ
607 1860 991 1925 κατακρίνεται
1029 1853 1281 1925 Ὀρέστης
1341 1850 1506 1917 αὐτός
1560 1875 1618 1907 τε
1664 1853 1756 1907 καὶ
1799 1849 1832 1922 ἡ

239 1933 450 2007 ἀδελφὴ
499 1943 678 2003 λίθοις
726 1941 1029 2010 βληθέντες
1085 1935 1408 1995 ἀποθανεῖν.
1473 1935 1726 2008 Ὀρέστης
1772 1936 1834 1992 δὲ

238 2023 595 2091 ἐπηγγείλατο
642 2023 777 2093 πρὸς
813 2022 873 2080 τὸ
909 2032 1121 2095 πλῆθος
1157 2021 1472 2096 αὐτοχειρία
1508 2020 1706 2079 ἑαυτὸν
1740 2022 1833 2076 καὶ

237 2103 337 2176 τὴν
383 2101 632 2177 ἀδελφὴν
669 2105 998 2179 ἀποσφάξαι.
1048 2110 1139 2164 καὶ
1173 2107 1200 2164 ὁ
1241 2116 1402 2180 φίλος
1434 2107 1699 2178 Πυλάδης
1738 2107 1830 2161 καὶ

238 2187 384 2261 παρὰ
408 2187 510 2261 τὴν
533 2191 828 2263 συμφορὰν
853 2199 1013 2263 φίλος
1042 2199 1221 2264 ἔμεινε
1246 2194 1338 2249 καὶ
1363 2204 1655 2248 κοινωνεῖν
1680 2187 1829 2265 αὐτῷ

169 2287 223 2330 25
236 2280 328 2345 τῆς
342 2280 594 2346 τελευτῆς
612 2274 807 2348 ἠξίωσε
822 2278 1231 2349 προθυμότατα.
1260 2279 1378 2333 ἐπεὶ
1403 2277 1463 2332 δὲ
1487 2283 1646 2347 σφίσι
1668 2281 1824 2332 τοῦτι.

237 2368 441 2414 παθεῖν
474 2361 792 2434 προύκειτο,
831 2363 1200 2434 συμβουλεύει
1233 2362 1499 2433 Πυλάδης
1562 2362 1828 2417 ,Μενέλεω

236 2453 456 2515 πρῶτον
482 2453 748 2518 τιμωρίαν
783 2454 1003 2519 λαβεῖν,
1039 2449 1215 2520 λέγων
1263 2445 1334 2512 ὡς
1384 2444 1450 2502 οὐ
1500 2452 1588 2503 δεῖ
1629 2452 1829 2502 τοῦτον

236 2533 458 2599 τρυφᾶν
482 2526 638 2600 ἡμῶν
664 2529 957 2588 ἀπιόντων.
997 2529 1134 2588 ὅθεν
1170 2532 1514 2599 εἰσελθόντες
1551 2541 1679 2589 εἴσω
1717 2537 1828 2587 τῶν

235 2618 533 2684 βασιλείων
551 2613 767 2688 Ἑλένης
802 2621 979 2688 δῆθεν
1014 2618 1364 2689 δεησόμενοι,
1390 2621 1481 2672 ἵνα
1505 2616 1578 2689 μὴ
1604 2622 1824 2690 περιίδῃ

168 2714 223 2756 30
236 2702 378 2768 σφᾶς
405 2694 761 2771 ὀλλυμένους,
788 2698 925 2757 ἀλλὰ
947 2714 1101 2772 χεῖρα
1125 2699 1284 2775 ὀρέξῃ
1310 2704 1717 2758 καὶὶᾺενέλεων
1735 2705 1826 2758 καὶ

235 2777 438 2837 ἄκοντα
466 2783 603 2855 πρὸς
637 2792 912 2857 σωτηρίαν
938 2786 1153 2860 κινήσῃ,
1179 2788 1295 2843 ἐπεὶ
1320 2786 1526 2858 ταύτην
1563 2786 1828 2858 φονεύειν

237 2871 491 2938 ἔμελλον,
532 2869 730 2942 ταύτης
763 2870 865 2941 μὲν
902 2868 1170 2943 ἥμαρτον,
1220 2868 1328 2927 ὑπὸ
1350 2869 1691 2941 ’Λπόλλωνος
1724 2868 1824 2941 ἆρ-
