2018 3117
467 131 840 179 ΙΦΙΓΕΝΕΙΑ
878 129 930 174 H
961 130 1062 175 EN
1098 131 1394 176 ΤΑΥΡΟΙΣ

288 265 324 340 ἦ
345 274 446 340 γῆς
470 267 724 343 πατρῴας
749 267 940 332 νόστος
964 263 1001 340 ἦ
1025 276 1227 324 θανεῖν
1251 275 1374 340 ἔχει.

285 362 531 408 σωθεῖσα
559 350 632 423 δ’,
662 349 733 417 ὠς
759 347 829 406 ἂν
854 353 946 406 καὶ
971 349 1041 407 σὺ
1067 359 1339 425 κοινωνῇς
1364 354 1544 426 τύχης,

286 436 443 492 σώσω
471 434 524 491 σ’
554 440 605 501 ἐς
635 432 867 492 Ἑλλάδ’.
895 433 1032 490 ἀλλὰ
1059 436 1194 504 πρός
1219 455 1279 492 σε
1303 442 1496 508 δεξιᾶς,

287 522 347 577 σὲ
371 522 464 576 καὶ
490 518 542 576 6'
573 525 856 591 ἱκνοῦμαι,
885 521 944 575 σὲ
969 520 1030 575 δὲ
1056 527 1218 591 φίλης
1245 527 1509 593 παρηίδος

286 604 537 676 γονάτων
561 627 619 660 τε
641 606 735 660 καὶ
758 609 870 659 τῶν
895 607 955 658 ἐν
982 602 1197 674 δόμοισι
1223 607 1502 675 φιλτάτων

288 687 506 761 [μητρὸς
532 688 734 760 πατρός
758 712 816 744 τε
840 690 933 743 καὶ
957 691 1167 743 τέκνων
1193 686 1299 761 ὅτῳ
1325 695 1521 759 κυρεῖ],

286 781 343 829 τί
363 777 504 845 φατέ
513 800 526 840 ;
554 780 634 837 τίς
660 770 816 843 ὑμῶν
842 791 1012 843 φησιν
1041 768 1074 843 ἢ
1099 779 1177 838 τίς
1205 770 1272 828 οὐ
1295 776 1465 843 θέλει,

288 861 637 929 φθέγξασθε,
667 864 865 923 ταῦτα;
893 854 964 929 μὴ
991 856 1093 929 γὰρ
1120 862 1397 913 αἰνουσῶν
1421 857 1619 928 λόγους

287 939 467 998 όλωλα
494 965 643 1013 καγω
671 944 762 998 καὶ
787 948 1111 1013 κασίγνητος
1136 940 1315 1005 τάλας.

98 1035 211 1082 XO.
279 1025 523 1128 &02965n‚'
534 1035 667 1098 φιλη
695 1028 982 1096 δέσποινα,
1010 1050 1100 1081 και
1126 1024 1302 1092 σώζου
1325 1025 1523 1097 μόνον·

289 1108 359 1175 ὡς
385 1116 444 1166 ἔκ
469 1108 523 1182 γ’
552 1114 684 1183 ἐμοῦ
711 1129 796 1167 σοι
820 1109 996 1165 πάντα
1024 1109 1398 1182 σιγηθήσεται,

289 1204 418 1252 ἴστω
443 1197 608 1266 μέγας
631 1195 799 1265 Ζεύς,
831 1218 910 1250 ων
934 1194 1280 1266 ἐπισκήπτεις
1307 1198 1447 1264 πέρι.

103 1287 192 1335 [Φ.
285 1278 516 1336 ὄναισθε
540 1280 743 1351 μύθων
767 1281 859 1335 καὶ
885 1277 1136 1349 γένοισθ’
1167 1276 1503 1349 εὐδαίμονες.

287 1362 387 1420 σὸν
413 1370 576 1434 ἔργον
601 1361 705 1435 ἤδη
731 1365 823 1419 καὶ
849 1361 948 1419 σὸν
978 1369 1275 1434 εἰσβαίνειν
1302 1363 1529 1433 δόμους·

290 1472 360 1512 ως
385 1445 565 1518 αὖτιχ’
595 1446 710 1520 ήξει
734 1452 900 1519 τῆσδε
924 1454 1179 1519 κοίρανος
1203 1447 1422 1518 χθονός,

288 1537 498 1588 θυσίαν
525 1535 774 1633 ἐλέγξων,
802 1538 852 1587 εἰ
871 1538 1282 1601 κατείργασται,
1308 1533 1495 1598 ξέ.νων

290 1641 330 1672 ω
357 1614 559 1686 πότνι’,
588 1614 727 1688 ἥπερ
752 1613 809 1687 μ’
836 1612 1079 1679 Αυλίδος
1104 1639 1240 1670 κατα
1264 1622 1468 1686 πτυχὰς

287 1707 472 1772 δεινῆς
502 1706 707 1766 ἔσωσας
733 1704 791 1755 ἐκ
815 1698 1193 1768 πατροκτόνου
1215 1699 1389 1770 χερός,

287 1786 468 1842 σῶσόν
491 1809 557 1856 με
580 1787 672 1840 καὶ
695 1791 803 1840 νῦν
826 1786 1024 1840 τούσδε
1051 1781 1100 1838 τ’
1120 1802 1131 1812 ·
1157 1780 1192 1855 ἦ
1215 1782 1273 1838 τὸ
1298 1786 1498 1850 Λοξίου

289 1869 473 1926 οὐκέτι
497 1877 742 1943 βροτοῖσι
767 1868 858 1925 διὰ
883 1865 935 1925 σ’
964 1867 1232 1941 ἐτήτυμον
1254 1868 1440 1940 στόμα.

292 1952 413 2010 ἀλλ’
445 1952 678 2026 εὐμενὴς
704 1960 902 2024 ἔκβηθι
927 1951 1213 2025 βαρβάρου
1236 1952 1438 2023 χθονὸς

290 2045 365 2105 εἰς
388 2039 483 2104 τὰς
510 2037 774 2111 Ἀθήνας·
800 2040 891 2094 καὶ
916 2037 1019 2110 γὰρ
1047 2036 1242 2093 ἐνθάδ’
1270 2035 1337 2094 οὗ
1363 2039 1555 2109 πρέπει

290 2130 496 2193 ναίειν,
524 2122 702 2195 παρόν
728 2141 813 2179 σοι
837 2121 999 2178 πόλιν
1024 2128 1167 2193 ἔχειν
1195 2119 1510 2193 εὐδαίμονα.

99 2216 215 2267 XO.
285 2205 454 2281 ὅρνις,
481 2205 514 2263 ἃ
538 2205 684 2281 παρὰ
709 2213 965 2279 πετρίνας
1466 2226 1579 2278 στρ.

288 2292 495 2350 πόντου
521 2292 801 2366 δειράδας,
830 2288 1068 2362 ἀλκυών,

291 2384 482 2449 ἔλεγον
506 2375 727 2449 οἰκτρὸν
752 2374 968 2446 ἀείδεις,

295 2459 591 2529 εὐξύνετον
617 2465 886 2528 ξυνετοῖσι
911 2460 1065 2531 βοάν,

289 2543 374 2603 ὅτι
398 2545 562 2604 πόσιν
586 2550 832 2610 κελαδεῖς
858 2540 943 2600 άεὶ
966 2551 1213 2615 μολπαῖς,

293 2630 401 2702 ἐγώ
425 2650 511 2687 σοι
536 2630 951 2701 παραβάλλομαι

290 2714 562 2787 θρήνους,
590 2712 819 2787 ἄπτερος
842 2711 1011 2785 ὅρνις,

293 2795 534 2854 ποθοῦσ’
557 2796 832 2854 Ἑλλάνων
857 2795 1111 2870 ἀγόρους,

567 2896 881 2941 1089-1105
901 2896 1175 2940 31106-
1193 2894 1304 2938 ΠἨ

1682 131 1747 179 95

1640 619 1749 663 1070

1643 1038 1747 1082 1075

1638 1461 1750 1505 1080

1639 1881 1749 1924 1085

1640 2303 1751 2346 1090

1643 2721 1754 2765 1095
