2018 3117
255 96 321 146 32
614 95 992 142 ΙΦΙΓΕΝΕΙΑ
1029 95 1087 140 Η
1117 95 1213 141 ΕΝ
1250 96 1509 141 ΑΥΛΙΔΙ

256 243 372 292 ΚΛ.
443 240 620 302 δεξιᾶς
645 237 797 290 ἕκατι
821 232 892 305 μὴ
919 231 1075 305 μέλλ’
1093 277 1108 305 ,
1136 242 1190 289 εἴ
1206 240 1264 289 τί
1283 258 1374 305 μοι
1397 233 1607 307 χρῄζεις
1630 237 1830 307 λέγειν.

255 328 368 376 ΠΡ.
441 320 607 377 οἶσθα
645 318 781 390 δῆτά
819 315 876 390 μ’
917 316 1064 384 ὅστις
1101 315 1180 374 ὦν
1221 320 1308 374 σοὶ
1342 321 1434 374 καὶ
1470 322 1682 384 τέκνοις
1718 317 1919 385 εὔνους

1012 411 1174 476 ἔφυν.
1894 403 1899 406 ’

254 498 372 546 ΚΛ.
443 489 568 546 οἶδά
594 486 645 545 σ’
676 485 795 545 ὅντ’
826 492 931 560 ἐγὼ
958 488 1194 544 παλαιὸν
1220 489 1490 561 δωμάτων
1526 493 1673 561 ἐμῶν
1708 498 1917 564 λάτριν.

255 584 368 631 ΠΡ.
441 572 573 646 χῶτι
597 572 654 646 μ’
683 577 743 630 ἐν
768 587 883 640 ταῖς
908 587 1055 630 σαῖσι
1081 587 1312 645 φερναῖς
1338 581 1535 645 ἔλαβεν
1564 573 1920 647 Ἀγαμέμνων

1013 645 1163 724 ἕναξ.

256 753 374 802 ΚΛ.
446 738 617 816 ἦλθες
646 750 721 810 εἰς
740 742 942 817 ’Ἀργος
966 741 1088 816 μεθ’
1119 741 1276 816 ἡμῶν
1302 741 1472 816 κάμὸς
1497 738 1622 816 ἦσθ’
1652 743 1742 801 ἀεί
1771 769 1918 802 ποτε.

255 839 368 887 ΠΡ.
445 823 546 886 οἷδ’
589 836 714 901 ἔχει.
762 832 854 885 καὶ
891 831 978 886 σοὶ
1010 830 1111 900 μὲν
1151 826 1350 894 εὔνους
1388 836 1525 901 εἰμι’,
1553 836 1630 906 σῷ
1658 828 1710 886 δ’
1750 822 1919 902 ἧσσον

1010 932 1185 972 ποσει.
1842 928 1917 972 871

256 1009 373 1058 KA.
447 1000 750 1057 ἐκκάλυπτε
774 1008 883 1056 νῦν
903 997 1034 1053 ποθ’
1057 994 1187 1067 ἡμῖν
1206 999 1463 1101 οἰὶγστινας
1482 999 1918 1071 στέγειςλόγους.

256 1094 369 1142 ΠΡ.
442 1084 922 1190 παῖδασηνπατηρ
947 1081 973 1140 ὁ
1004 1083 1186 1155 φύσας
1211 1079 1466 1155 αὐτόχειρ
1483 1086 1666 1155 μέλλει
1680 1097 1919 1140 κτανεῖν.

258 1179 359 1227 ΚΛ
446 1177 588 1236 πῶς·
577 1215 588 1237 ,
637 1166 907 1226 ἀπέπτυσ’
915 1213 928 1240 ,
978 1163 1019 1224 ὦ
1067 1174 1278 1242 γεραιέ,
1327 1175 1541 1239 μῦθον·
1592 1166 1658 1225 οὐ
1705 1193 1810 1241 γαρ
1859 1161 1921 1225 εὖ

1017 1268 1259 1326 φρονεῖς.

257 1349 368 1397 ΠΡ.
446 1340 713 1414 φασγάνῳ
739 1338 946 1411 λευκὴν
962 1338 1224 1412 φονεύων
1248 1345 1342 1411 τῆς
1367 1339 1719 1411 ταλαιπώρου
1733 1342 1918 1412 δε’.ρην

258 1434 375 1482 KA.
447 1449 488 1481 ω
518 1421 730 1480 τάλάιν
764 1424 888 1496 ἐγώ.
914 1423 1169 1496 μεμηνώς
1195 1449 1300 1497 αρα
1324 1423 1583 1495 τυγχάνει
1608 1424 1793 1492 πόσις;
1838 1436 1922 1481 876

258 1519 370 1566 ΠΡ.
442 1507 761 1582 ἀρτίφρων,
789 1509 932 1582 πλὴν
958 1515 1034 1575 εἰς
1070 1510 1131 1566 σε
1165 1511 1257 1566 καὶ
1292 1508 1396 1581 σὴν
1435 1514 1630 1565 παῖδα·
1669 1514 1829 1565 τοῦτο
1864 1505 1918 1564 δ’

1013 1592 1079 1650 οὐ
1106 1607 1319 1665 φρονεῖ.

258 1689 374 1738 ΚΛ.
439 1684 498 1737 ἐκ
522 1688 670 1745 τίνος
695 1681 895 1750 λόγους
923 1686 1003 1745 τίς
1028 1677 1202 1735 αὐτὸν
1227 1677 1490 1751 οὑπάγων
1515 1676 1863 1751 άλαστόρωνς

259 1775 371 1823 ΠΡ.
444 1763 718 1836 θέσφαθ’,
780 1761 852 1830 ὥς
900 1767 964 1835 γέ
1008 1783 1144 1836 φησι
1189 1765 1434 1836 Κάλχας,
1486 1769 1576 1820 ἵνα
1622 1763 1920 1835 πορεύηται

1016 1855 1260 1921 στρατός.

263 1944 376 1993 KA.
450 1949 570 2002 ποῖ;
611 1932 824 1991 τάλαιν’
877 1935 1010 2007 ἐγώ,
1060 1935 1288 1991 τάλαινα
1325 1932 1378 1990 δ’
1419 1931 1489 2005 ἢν
1526 1933 1702 2006 πατὴρ
1739 1936 1923 2005 μέλλει

1018 2034 1255 2076 κτανεῖν.
1839 2033 1923 2076 880

261 2115 374 2163 ΠΡ.
449 2105 753 2178 Δαρδάνου
780 2105 916 2179 πρὸς
942 2103 1163 2177 δώμαθ’
1172 2103 1430 2177 ,Ἑλένην
1453 2107 1749 2169 όΜενέλεως
1775 2100 1923 2169 ὅπως

1016 2190 1173 2264 λάβῃ·

262 2285 378 2334 KA.
450 2282 526 2342 εἰς
575 2274 666 2347 ἄρ’
710 2274 1038 2348 Ἰφιγένειαν
1075 2275 1294 2347 Ελένης
1338 2274 1530 2339 νόστος
1580 2267 1653 2346 ἦν
1699 2297 1923 2346 πεπρω-

1014 2365 1204 2434 με’νοςς

507 2447 517 2463 Ι
593 2444 605 2465 2
657 2453 674 2468 ,ν
855 2444 867 2465 2
1000 2450 1011 2467 Ι
1231 2444 1242 2459 Ῑ
1479 2457 1500 2468 q.
1652 2443 1662 2459 ¹
1799 2446 1810 2465 Ι

263 2456 373 2504 ΠΡ.
444 2471 585 2504 παντ
647 2465 811 2518 εχεις·
861 2452 1128 2518 Αρτεμιδι
1161 2456 1363 2503 θυσειν
1398 2449 1567 2500 παιδα
1603 2463 1708 2516 σην
1742 2451 1922 2516 μελλει

1018 2531 1211 2604 πατήρ.

265 2625 380 2674 KA.
450 2614 567 2674 ὁδε
593 2617 762 2689 γάμος
800 2631 1024 2689 παρεῖχε
1051 2621 1365 2688 πρόφασιν,
1404 2619 1439 2687 ἥ
1487 2612 1544 2686 μ’
1585 2614 1839 2686 ἐκόμισεν
1864 2617 1923 2669 ἐκ

1018 2699 1235 2773 δόμων;

268 2794 375 2843 ΠΡ.
447 2785 522 2842 ἵν’
553 2784 775 2859 ἀγάγοις
799 2784 1049 2857 χαίρουσ’
1074 2784 1309 2857 Ἀχιλλεῖ
1330 2789 1498 2841 παῖδα
1524 2783 1923 2857 νυμφεύσουσα

1019 2871 1140 2940 σήν.
1841 2880 1924 2926 885
