2018 3117
205 65 307 118 358

841 71 1198 121 ΤΡΩΙΑΔΕΣ

396 209 462 265 τὰ
489 206 705 281 φίλτατ’
736 207 919 281 ὤλεσ’,
946 207 1152 282 ἡδονὰς
1176 212 1272 279 τὰς
1294 223 1521 273 οἴκοθεν

390 297 602 350 τέκνων
626 291 852 369 άδελφῷ
880 293 1012 360 δοὺς
1037 296 1301 366 γυναικὸς
1332 303 1544 374 εἵνεκα,

394 381 485 435 καὶ
509 376 677 434 ταῦθ’
708 380 939 452 ἑκούσης
962 378 1066 436 κού
1091 388 1190 456 βίᾳ
1213 387 1564 458 λελῃσμένης,

394 466 512 521 ἐπεὶ
537 461 594 520 δ’
625 462 710 520 ἐπ’
740 462 906 531 ἀκτάς
930 462 1148 538 ἤλυθον
1173 474 1619 547 Σκαμανδρίους,

392 555 700 621 ἔθνησκον,
727 547 795 606 οὐ
820 557 920 623 γῆς
945 549 1053 623 ὅρι’
1085 549 1558 626 ἀποστερούμενοι
1785 574 1870 620 375

392 632 518 691 οὐδ’
546 632 872 708 ὑψιπύργου
898 642 1187 708 πατρίδος·
1213 635 1311 705 οὓς
1335 637 1386 695 δ’
1401 638 1569 713 ’Ἀρης
1595 645 1725 716 ἕλοι,

391 717 459 775 οὗ
491 725 689 787 παῖδας
714 721 892 792 εἶδον,
921 719 988 779 ού
1016 723 1289 794 δάμαρτος
1315 727 1376 781 ἐν
1399 739 1587 798 χεροῖν

390 807 618 872 πέπλοις
650 807 1086 880 συνεστάλησαν,
1115 812 1174 865 ἐν
1198 812 1325 883 ξένῃ
1351 811 1412 868 δὲ
1437 818 1506 885 γῇ

390 904 617 948 κεῖνται.
644 891 710 948 τὰ
735 891 788 949 δ’
819 902 959 949 οἴκοι
984 892 1158 950 τοῖσδ’
1191 893 1342 966 ὅμοι’
1373 900 1624 969 ἐγίγνετο
1643 917 1653 927 ·

389 982 561 1048 χῆραί
578 974 626 1033 τ’
660 984 966 1051 ἔθνησκον,
994 987 1054 1036 οἳ
1072 977 1125 1035 δ’
1155 978 1384 1047 ἄπαιδες
1409 986 1469 1038 ἐν
1495 983 1683 1054 δόμοις
1783 998 1868 1043 380

389 1058 562 1126 ἄλλως
599 1061 747 1118 τέκν’
776 1066 1177 1135 ἐκθρέψαντες,
1207 1063 1340 1122 οὐδὲ
1365 1066 1502 1139 πρὸς
1529 1069 1740 1141 τάφους

388 1144 513 1202 ἔσθ’
542 1144 690 1213 ὅστις
714 1146 900 1214 αὐτοῖς
926 1145 1057 1220 αἷμα
1086 1156 1155 1222 γῇ
1181 1152 1503 1223 δωρήσεται.

386 1223 422 1302 ἦ
444 1229 599 1288 τοῦδ’
630 1236 860 1289 ἐπαίνου
885 1233 944 1290 τὸ
970 1233 1264 1307 στράτευμ’
1295 1238 1532 1304 ἐπάξιον.

388 1323 552 1388 σιγᾶν
577 1314 807 1388 ἄμεινον
832 1316 1066 1393 τᾴσχρά,
1093 1321 1232 1392 μηδὲ
1261 1323 1443 1393 μοῦσά
1465 1347 1555 1395 μοι

386 1400 590 1473 γένοιτ’
620 1400 806 1469 ἀοιδὸς
830 1401 947 1475 ἥτις
972 1402 1208 1478 ὑμνήσει
1232 1408 1389 1463 κακά.
1778 1422 1864 1467 385

393 1493 576 1559 Τρῶες
601 1488 662 1544 δὲ
685 1496 906 1562 πρῶτον
930 1493 1058 1563 μέν,
1085 1490 1145 1548 τὸ
1171 1491 1467 1549 κάλλιστον
1492 1496 1668 1565 κλέος,

386 1569 527 1645 ὑπὲρ
554 1573 762 1643 πάτρας
788 1582 1093 1646 ἔθνησκον·
1123 1573 1221 1643 οὓς
1246 1575 1297 1633 δ’
1329 1581 1442 1634 ἕλοι
1469 1579 1626 1649 δόρυ,

383 1663 578 1731 νεκροί
596 1656 654 1729 γ’
684 1663 737 1725 ἐς
763 1669 951 1726 οἴκους
976 1661 1276 1733 φερόμενοι
1303 1669 1486 1734 φίλων
1510 1661 1620 1720 ὕπο

385 1745 446 1797 ἐν
470 1748 540 1815 γῇ
566 1745 792 1819 πατρῴα
816 1746 1113 1818 περιβολὰς
1139 1747 1288 1819 εἶχον
1310 1750 1530 1819 χθονός,

381 1829 571 1898 χερσὶν
595 1834 1011 1901 περισταλέντες
1037 1825 1116 1888 ὦν
1142 1835 1307 1905 ἐχρῆν
1333 1831 1468 1889 ὕπο·
1774 1847 1861 1892 390

383 1909 502 1967 ὅσοι
527 1913 589 1969 δὲ
613 1913 686 1986 μὴ
713 1916 949 1973 θάνοιεν
973 1920 1033 1974 ἐν
1056 1918 1197 1991 μάχῃ
1224 1925 1485 1991 Φρυγῶν,

383 1993 469 2051 ἀεὶ
494 1996 616 2053 κατ’
643 1993 788 2073 ἦμαρ
813 2000 921 2058 σὺν
945 2003 1179 2077 δάμαρτι
1204 2006 1297 2060 καὶ
1321 2006 1534 2070 τέκνοις

386 2077 602 2156 ᾆίκουν,
625 2081 858 2156 Ἀχαιοῖς
885 2080 964 2143 ὦν
993 2086 1214 2160 ἀπῆσαν
1237 2087 1452 2160 ἡδοναί.

379 2165 446 2221 τὰ
474 2163 528 2221 δ’
551 2163 808 2243 ’Ἐκτορός
833 2190 919 2228 σοι
943 2171 1111 2245 λύπρ’
1141 2172 1385 2230 ἄκουσον
1415 2171 1487 2239 ὡς
1513 2180 1622 2245 ἔχει
1639 2192 1650 2204 ·

386 2251 546 2318 δόξας
572 2251 713 2326 ἀνὴρ
741 2253 960 2327 ἄριστος
986 2266 1188 2328 οἴχεται
1213 2258 1427 2329 θανών,
1773 2274 1857 2319 395

382 2339 476 2393 καὶ
507 2336 662 2395 ταῦτ’
686 2338 919 2411 Ἀχαιῶν
942 2334 1057 2414 ἦξις
1082 2343 1416 2414 ἐξεργάζεται
1435 2362 1446 2372 ·

382 2428 433 2478 εί
456 2427 488 2478 δ
501 2420 513 2440 '
542 2417 684 2495 ἦσαν
709 2434 879 2497 οἴκοι,
905 2427 1139 2500 χρηστὸς
1165 2435 1368 2484 ἔλαθεν
1394 2425 1463 2484 ἂν
1490 2429 1683 2501 γεγώς.

378 2507 557 2578 Πάρις
581 2507 628 2565 τ’
662 2516 829 2583 ἔγημε
852 2511 954 2585 τὴν
976 2513 1139 2578 Διός·
1169 2511 1344 2585 γήμας
1370 2514 1431 2570 δὲ
1454 2514 1543 2586 μή,

375 2593 687 2665 σιγώμενον
712 2596 772 2652 τὸ
797 2603 969 2663 κῦδος
997 2598 1139 2667 εἶχεν
1168 2602 1228 2655 ἐν
1254 2598 1460 2669 δόμοις.
1769 2613 1859 2659 399

376 2679 612 2750 φεύγειν
635 2681 737 2752 μὲν
762 2675 867 2738 οὖν
891 2683 994 2755 χρὴ
1020 2683 1259 2755 πόλεμον
1284 2681 1433 2750 ὅστις
1458 2676 1523 2741 εὖ
1547 2697 1774 2757 φρονεῖ·

379 2767 431 2818 εἰ
455 2762 507 2819 δ’
537 2771 613 2830 εἰς
637 2764 754 2823 τόδ’
783 2773 968 2839 ἔλθοι,
995 2771 1265 2840 στέφανος
1291 2764 1394 2826 οὐκ
1418 2769 1639 2842 αἰσχρὸς
1663 2769 1820 2828 πόλει

373 2855 558 2916 καλῶς
582 2848 836 2924 ὀλέσθαι,
863 2852 936 2926 μὴ
963 2860 1143 2919 καλῶς
1169 2855 1228 2910 δὲ
1253 2859 1532 2920 δυσκλεές.
