2018 3117
247 97 353 147 224
587 78 712 181 J
928 98 1220 143 MHAEIA

550 192 581 216 ‘t

436 237 501 294 τὰ
528 235 701 310 πρῶτ’
735 243 961 292 ἔσεσθαι
991 235 1096 291 σὺν
1125 237 1474 308 κασιγνήτοις
1499 244 1595 295 ἐτι.

436 319 556 378 ἀλλ’
591 318 925 388 αὐξάνεσθε·
957 317 1126 376 τᾶλλα
1152 325 1183 376 δ
1192 319 1204 338 ’
1232 322 1565 393 ἐξεργάζεται

438 405 614 477 πατήρ
647 429 704 461 τε
733 408 826 461 καὶ
850 411 1004 461 θεῶν
1032 403 1178 471 ὅστις
1210 408 1359 461 ἐστὶν
1390 405 1649 480 εὐμενής·

435 496 607 561 ἴδοιμι
631 489 681 545 δ’
716 487 859 561 ὑμᾶς
885 488 1177 563 εὐτραφεῖς
1207 488 1343 562 ἥβης
1371 493 1522 557 τέλος

434 575 730 646 μολόντας,
760 578 981 647 ἐχθρῶν
1006 581 1119 631 τῶν
1150 578 1296 647 ἐμῶν
1326 573 1679 648 ὑπερτέρους.

434 657 601 731 αὕτη,
632 667 691 716 τί
711 667 942 731 χλωροῖς
967 661 1229 731 δακρύοις
1255 663 1464 732 τέγγεις
1486 659 1689 734 κόρας,·

434 749 717 814 στρέψασα
752 745 959 817 λευκὴν
983 752 1219 816 ἔμπαλιν
1247 734 1626 817 παρηίδαῖ-

437 826 577 884 κούκ
603 826 808 902 ἀσμένη
834 828 985 886 τόνδ’
1014 834 1066 897 ἐξ
1094 833 1228 901 ἐμοῦ
1259 833 1404 901 δέχει
1429 830 1624 901 λόγους

247 921 381 970 MH.
430 911 622 970 οὐδέν·
651 917 861 971 τέκνων
885 913 1051 972 τῶνδ’
1080 917 1419 986 ἐννοουμένη
1445 917 1585 986 πέρι.

249 1006 343 1055 ῙΑ.
431 999 633 1068 θάρσει
658 1019 792 1055 νυν·
822 993 886 1056 εὖ
911 1000 1013 1072 γὰρ
1039 1004 1216 1055 τῶνδε
1239 1001 1484 1072 θήσομαι
1509 1002 1651 1071 πέρι.

250 1091 380 1140 ΜΗ.
433 1085 617 1154 δράσω
642 1082 761 1139 ταδ’
781 1104 792 1114 ·
819 1083 973 1141 οὗτοι
995 1098 1112 1150 σοῖς
1137 1082 1416 1156 ἀπιστήσω
1441 1083 1649 1155 λόγοις·

434 1167 576 1240 γυνὴ
604 1169 665 1224 δὲ
692 1175 842 1240 θῆλυ
873 1167 1007 1225 κάπὶ
1030 1169 1293 1239 δακρύοις
1324 1175 1450 1240 ἔφυ.

244 1260 341 1308 ΙΑ.
431 1260 488 1308 τί
514 1253 610 1324 δή,
638 1253 897 1325 τάλαινα,
923 1252 1097 1310 τοῖσδ’
1125 1256 1425 1319 ἐπιστένεις
1450 1256 1690 1321 τέκνοις;

248 1345 380 1394 ΜΗ.
433 1344 647 1394 ἔτικτον
673 1336 902 1404 αὐτούς·
935 1345 1031 1411 ζῆν
1063 1337 1115 1395 δ’
1151 1337 1232 1396 ὅτ’
1252 1339 1485 1410 ἐξηύχου
1510 1341 1692 1410 τέκνα,

433 1425 662 1494 εἰσῆλθέ
684 1421 741 1500 μ’
772 1424 951 1490 οἶκτος
983 1430 1033 1480 εί
1053 1425 1341 1503 γενήσεται
1370 1424 1517 1480 τάδε.

433 1505 553 1563 ἀλλ’
584 1509 768 1580 ὦνπερ
811 1511 979 1565 εἵνεκ’
1015 1516 1089 1575 εἰς
1115 1508 1280 1581 ἐμούς
1306 1507 1456 1581 ἥκεις
1483 1508 1700 1580 λόγους,

438 1592 504 1648 τὰ
528 1593 630 1664 μὲν
653 1596 930 1666 λέλεκται,
958 1600 1071 1650 τῶν
1099 1593 1150 1650 δ’
1180 1593 1286 1666 ἐγώ
1314 1593 1721 1666 μνησθήσομαι.

434 1680 553 1734 ἐπεὶ
577 1679 873 1748 τυράννοις
897 1685 995 1751 γῆς
1019 1677 1080 1750 μ’
1110 1677 1426 1735 ἀποστεῖλαι
1451 1683 1621 1748 δοκεῖ,

432 1760 597 1834 κάμοὶ
620 1761 738 1819 ταδ’
769 1766 881 1820 ἐστὶ
904 1770 1110 1839 λῷστα,
1138 1763 1427 1835 γιγνώσκω
1451 1769 1647 1833 καλῶς,

436 1845 560 1919 μήτ’
593 1847 848 1920 ἐμποδών
873 1851 958 1905 σοὶ
982 1849 1114 1921 μήτε
1139 1850 1417 1922 κοιρανοις
1439 1846 1645 1919 χθονὸς

439 1939 646 2004 ναίειν,
677 1938 821 1989 δοκῶ
847 1933 951 2006 γὰρ
978 1932 1254 2005 δυσμενὴς
1282 1933 1422 1989 εἶναι
1447 1933 1651 2005 δόμοις,

436 2014 590 2089 ἡμεῖς
617 2018 718 2089 μὲν
748 2021 806 2073 ἐκ
832 2025 929 2090 γῆς
953 2017 1109 2090 τῆσδ’
1139 2016 1446 2095 ἀπαίοομεν
1471 2024 1641 2090 φυγῇ,

438 2107 628 2167 παῖδες
657 2101 709 2157 δ’
740 2100 886 2169 ὅπως
911 2100 979 2159 ἂν
1003 2107 1316 2175 ἐκτραφῶσι
1338 2109 1406 2176 σῇ
1428 2109 1565 2174 χερί,

437 2192 595 2242 αἰτοῦ
623 2189 873 2258 Κρέοντα
899 2188 1064 2259 τήνδε
1089 2187 1161 2259 μὴ
1190 2188 1424 2259 φεύγειν
1448 2188 1644 2258 χθόνα.

246 2279 345 2327 ΙΑ.
435 2269 537 2327 οὐκ
565 2270 672 2327 οἷδ’
701 2268 769 2327 ἂν
796 2278 847 2327 εἰ
871 2279 1144 2344 πείσαιμι,
1175 2278 1474 2343 πειρᾶσθαι
1501 2273 1563 2328 δὲ
1586 2273 1706 2344 χρή.

246 2363 384 2412 MH.
430 2356 500 2412 σὺ
529 2361 562 2412 δ
569 2353 581 2374 ’
611 2353 749 2412 ἀλλὰ
775 2355 879 2428 σὴν
901 2360 1166 2413 κέλευσον
1191 2362 1467 2412 αἰτεῖσθαι
1495 2357 1699 2428 πατρὸς

434 2454 672 2513 γυναῖκα
697 2446 895 2507 παῖδας
917 2442 1082 2513 τήνδε
1105 2441 1178 2513 μὴ
1205 2441 1437 2513 φεύγειν
1459 2441 1656 2512 χθόνα.

247 2532 346 2581 ΙΑ.
433 2526 691 2598 μάλιστα,
719 2529 810 2582 καὶ
834 2533 1047 2583 πείσειν
1075 2550 1138 2598 γε
1161 2526 1362 2593 δοξάζω
1388 2524 1486 2598 σφ’
1515 2527 1637 2597 ἐγώ.

250 2615 385 2667 ΜΗ.
439 2619 591 2681 εἴπερ
619 2617 903 2682 γυναικῶν
932 2614 1044 2666 ἐστι
1067 2617 1179 2667 τῶν
1202 2609 1384 2666 ἄλλων
1407 2618 1521 2682 μία.

433 2694 781 2766 συλλήψομαι
807 2696 868 2751 δὲ
891 2699 1059 2752 τοῦδέ
1078 2715 1162 2752 σοι
1186 2693 1335 2767 κάγώ
1361 2696 1564 2752 πόνου·

439 2780 634 2850 πέμψω
660 2779 764 2852 γὰρ
796 2778 935 2854 αὐτῇ
961 2778 1095 2853 δῶρ’
1124 2777 1158 2836 ἂ
1181 2781 1593 2837 καλλιστεύεται

441 2869 552 2919 τῶν
575 2869 683 2919 νῦν
709 2867 767 2920 ἐν
795 2862 1208 2938 ἀνθρώποισιν,
1235 2862 1340 2921 οἶδ’
1375 2865 1509 2938 ἐγώ,
1536 2866 1695 2933 πολύ,

1817 507 1903 550 920

1820 928 1902 972 925

1821 1353 1900 1395 930

1820 1777 1903 1823 935

1819 2201 1903 2245 940

1818 2624 1901 2669 945
