2018 3117
122 1410 225 1459 KP.

122 2508 246 2557 AN.

763 80 1142 126 ΦΟΙΝΙΣΣΑΙ
1664 77 1756 127 451

299 219 434 293 ἀρὰς
457 219 794 293 παραλαβών
821 225 1000 275 Λαΐου
1024 220 1117 274 καὶ
1140 220 1295 274 παισὶ
1320 218 1468 282 δούς.

302 302 369 361 οῦ
395 304 498 377 γὰρ
524 311 786 361 τοσοῦτον
811 302 1072 368 ἀσύνετος
1097 299 1306 374 πέφυκ’
1342 300 1447 373 ἐγῶ

303 386 433 445 ὥστ’
465 395 540 454 είς
565 387 648 460 ἔμ’
680 385 877 461 ὄμματ’
910 397 987 452 είς
1010 384 1059 442 τ’
1089 391 1235 458 ε’μῶν
1259 391 1476 442 παίδων
1499 391 1625 458 βίον

301 471 436 530 ἄνευ
462 480 615 529 θεῶν
638 497 736 529 του
763 470 918 528 ταῦτ’
948 471 1384 543 ἐμηχανησάμην.

304 557 440 613 εἷεν·
472 564 529 613 τί
550 558 733 629 δράσω
765 555 898 629 δῆθ’
933 554 960 612 ὁ
986 561 1310 627 δυσδαίμων
1336 555 1473 626 ε’γῶ;
1657 569 1767 612 1615

302 649 381 707 τίς
405 639 624 714 ἡγεμών
646 665 737 713 μοι
763 640 928 706 ποδὸς
953 639 1244 713 ὁμαρτήσει
1269 646 1513 712 τυφλοῦ;

302 724 390 797 ἥδ’
421 725 452 797 ἡ
483 733 768 792 θανοῦσα;
800 725 943 794 ζῶσά
967 723 1020 797 γ’
1054 721 1122 780 ἂν
1146 721 1280 796 σάφ’
1311 722 1419 780 οἷδ’
1448 721 1546 780 ὅτι.

302 809 422 866 ἀλλ’
454 809 709 876 εὔτεκνος
737 815 999 882 ξυνωρίς;
1024 806 1145 864 ἀλλ’
1175 806 1278 864 οὐκ
1304 815 1415 865 ε”στι
1439 832 1546 881 μοι.

305 892 431 950 ἀλλ’
466 902 543 952 ἔτι
567 895 773 963 νεάζων
797 892 962 958 αὐτὸς
989 891 1201 965 εὕροιμ’
1233 891 1302 948 ἂν
1327 900 1483 965 βίον;

304 981 512 1047 πόθεν;
544 986 600 1035 τί
620 978 667 1051 μ’
700 978 877 1053 ἄρδην
906 971 1005 1034 οἷδ’
1035 976 1392 1048 ἀποκτείνεις,
1419 980 1631 1050 Κρέον;
1659 993 1769 1035 1620

304 1062 619 1129 ἀποκτενεῖς
644 1065 775 1137 γάρ,
804 1073 858 1120 εἴ
874 1085 940 1135 με
964 1071 1062 1135 γῆς
1086 1068 1184 1129 ἔξω
1210 1069 1409 1134 βαλεῖς.

309 1146 376 1204 οὐ
402 1147 512 1220 μὴν
537 1152 713 1216 ἑλίξας
743 1147 801 1220 γ’
837 1146 977 1219 ἀμφὶ
1002 1147 1102 1204 σὸν
1126 1161 1310 1221 χεῖρας
1334 1147 1475 1219 γόνυ

306 1233 470 1298 κακὸς
495 1240 805 1306 φανοῦμαι·
838 1232 897 1289 τὸ
924 1256 1029 1305 γαρ
1057 1233 1189 1303 ε’μόν
1215 1230 1338 1288 ποτ’
1371 1229 1592 1304 εὐγενες

306 1316 408 1374 οὐκ
439 1342 508 1373 αν
537 1323 833 1391 προδοίην
861 1315 997 1373 οὐδέ
1016 1339 1118 1389 περ
1145 1317 1408 1390 πράσσων
1431 1323 1627 1382 κακῶς.

302 1409 394 1459 σοί
418 1401 466 1458 τ’
498 1404 560 1458 εὐ
586 1405 833 1459 λέλεκται
859 1403 1061 1473 γόνατα
1084 1425 1156 1504 μη
1182 1402 1410 1473 χρῶζειν
1435 1402 1552 1474 ἐμά,
1662 1415 1768 1459 1625

307 1489 413 1558 ἐγώ
443 1511 500 1543 τε
523 1494 703 1543 ναίειν
730 1486 782 1543 σ’
815 1485 917 1543 οὐκ
943 1484 1153 1557 ἐάσαιμ’
1183 1482 1251 1540 ἄν
1274 1486 1469 1556 χθόνα.

308 1578 524 1644 νεκρῶν
550 1573 611 1627 δὲ
641 1576 816 1628 τῶνδε
840 1571 937 1627 τὸν
962 1571 1064 1642 μὲν
1090 1576 1165 1636 είς
1192 1570 1396 1642 δόμους
1424 1571 1603 1643 χρεῶν

307 1653 413 1727 ἤδη
439 1662 706 1727 κομίζειν,
735 1656 833 1712 τὸν
860 1656 920 1712 δὲ
946 1653 1038 1726 [δ’,
1065 1652 1124 1720 ὂς
1147 1657 1367 1726 πέρσων
1391 1656 1555 1712 πόλιν

308 1746 543 1812 πατρίδα
568 1740 674 1796 σὺν
702 1740 886 1806 ἄλλοις
910 1734 1085 1811 ἦλθε,]
1114 1746 1495 1806 Πολυνείκους
1519 1742 1690 1796 νέκυν

308 1822 554 1896 ἐκβάλετ’
584 1824 836 1882 ἄθαπτον
861 1823 1015 1896 τῆσδ’
1049 1822 1198 1897 ὅρων
1223 1828 1322 1891 ἔξω
1346 1825 1564 1896 χθονός.
1666 1839 1776 1884 1630

311 1910 600 1981 κηρύξεται
626 1911 686 1966 δὲ
716 1917 846 1966 πᾶσι
874 1915 1170 1982 Καδμείοις
1195 1910 1341 1982 τάδε,

314 1991 373 2059 ὃς
399 1991 467 2049 ἄν
493 1994 693 2066 νεκρὸν
718 1992 869 2051 τόνδ’
901 1991 936 2066 ἦ
963 1996 1320 2065 καταστέφων
1345 1992 1458 2070 ἁλῷ

312 2075 346 2150 ἢ
376 2085 444 2151 γῇ
472 2080 795 2150 καλύπτων,
822 2080 1068 2135 θάνατον
1097 2077 1502 2147 ἀνταλλάξεται.

310 2162 379 2219 σὺ
406 2160 459 2219 δ’
487 2168 785 2220 ἐκλιποῦσα
819 2169 1132 2233 τριπτύχων
1161 2163 1409 2236 θρήνους
1427 2170 1642 2236 νεκρῶν
1665 2177 1776 2221 1635

312 2248 495 2319 κόμιζε
519 2250 754 2320 σαυτήν,
779 2246 1092 2320 Ἀντιγόνη,
1121 2248 1308 2354 δόμων
1335 2254 1438 2304 ἔσω

311 2335 403 2388 καὶ
427 2333 786 2405 παρθενεύου
812 2331 912 2403 τὴν
936 2339 1131 2388 ἰοῦσαν
1154 2330 1363 2405 ἡμέραν

312 2416 539 2488 μένουσ’
575 2421 635 2474 ἐν
660 2420 692 2491 ᾑ
719 2436 780 2473 σε
807 2419 1037 2488 λέκτρον
1059 2421 1300 2487 Αίμονος
1326 2420 1495 2490 μέ.νει

318 2504 358 2556 ῶ
386 2502 585 2573 πάτερ,
618 2506 678 2558 ἐν
703 2507 836 2566 οίοις
860 2499 1076 2572 κείμεθ’
1108 2499 1295 2558 άθλιοι
1320 2515 1524 2567 κακοις.

314 2583 385 2651 ῶς
410 2605 470 2642 σε
495 2587 730 2654 στενάζω
757 2591 867 2641 τῶν
891 2586 1246 2656 τεθνηκότων
1269 2589 1464 2643 πλέον
1666 2601 1777 2644 1640

315 2667 383 2726 οῦ
409 2670 512 2741 γὰρ
543 2670 602 2726 τὸ
629 2673 729 2741 μέν
754 2688 839 2726 σοι
863 2668 1007 2741 βαρὺ
1033 2676 1247 2740 κακῶν,
1273 2670 1333 2726 τὸ
1361 2669 1416 2727 δ’
1449 2669 1516 2728 οὗ
1543 2678 1707 2745 βαρύ,

317 2853 398 2902 ἐᾶν
430 2855 478 2901 δ’
510 2854 768 2902 ἄκλαυστον
804 2855 1012 2915 ἄταφον,
1047 2859 1235 2910 οἰωνοῖς
1265 2857 1426 2918 βοράν.
1670 2862 1777 2904 1634

1333 2919 1442 2969 29*
