2018 3117
115 239 217 287 ΟΡ.

116 408 207 457 [Φ.

489 92 862 138 ΙΦΙΓΕΝΕΙΑ
899 92 951 136 H
979 91 1071 137 EN
1111 90 1409 137 ΤΑΥΡΟΙΣ
1689 89 1756 139 89

300 237 351 287 εἰ
372 230 473 286 σόν
500 227 551 302 γ’
582 228 854 302 ἀδελφόν,
884 222 928 285 ὦ
951 227 1184 300 τάλαιν’,
1211 226 1495 295 ἀπώλεσας

300 321 562 386 δαίμονος
588 315 725 388 τύχα
747 314 910 380 τινός.

299 392 343 454 ὦ
367 401 532 470 μελέα
557 404 741 464 δεινᾶς
765 399 979 470 τόλμας.
1007 395 1149 454 δείν’
1179 404 1340 454 ἔτλαν

299 482 445 540 δείν’
475 490 661 553 ἔτλαν,
690 481 827 554 ὤμοι
855 483 1108 553 σύγγονε.
1135 482 1282 553 παρὰ
1307 480 1359 538 δ’
1389 480 1581 554 ὀλίγον
1681 497 1763 539 870

300 566 580 639 ἀπέφυγες
605 565 845 638 ὄλεθρον
870 564 1099 622 ἀνόσιον
1123 570 1174 633 ἐξ
1207 571 1343 637 ἐμᾶν

298 654 545 723 δαϊχθεὶς
567 658 761 723 χερῶν.

299 736 331 793 ἁ
357 735 409 793 δ’
439 734 524 793 ἐπ’
554 734 741 801 αὐτοῖς
764 743 844 802 τίς
868 736 1120 803 τελευτά;

300 829 381 888 τίς
405 822 540 891 τύχα
564 843 656 892 μοι
681 821 1048 892 συγκυρήσεις

298 913 421 962 τίνα
447 924 533 961 σοι
561 906 734 976 πόρον
761 903 1033 977 εὑρομένα
1679 918 1758 963 875

299 991 464 1046 πάλιν
489 987 594 1046 ἀπὸ
621 989 856 1060 πόλεως,
883 988 989 1046 ἀπὸ
1016 990 1194 1061 φόνου
1219 991 1413 1061 πέμψω

299 1072 518 1148 πατρίδ’
553 1078 604 1140 ἐς
625 1073 895 1146 Ἀργείαν,

299 1161 430 1230 πρὶν
454 1161 542 1215 ἐπὶ
566 1162 721 1230 ξίφος
745 1165 929 1230 αἵματι
953 1166 1030 1234 σῷ
1679 1170 1764 1214 880

299 1251 556 1312 πελάσαι;
595 1250 721 1300 τόδε
768 1244 896 1315 σόν,
923 1237 966 1298 ὦ
989 1245 1153 1314 μελέα
1178 1244 1339 1314 ψυχά,

298 1331 454 1400 χρέος
478 1326 847 1398 ἀνευρίσκειν.

300 1413 533 1484 πότερον
557 1411 693 1468 κατὰ
716 1416 941 1484 χέρσον,
967 1410 1089 1483 οὐχὶ
1113 1419 1223 1483 ναΐ,

302 1494 439 1552 ἄλλα
464 1502 653 1552 ποδῶν
679 1501 833 1571 ῥιπᾷς
1680 1508 1763 1551 885

301 1581 525 1654 θανάτῳ
552 1582 803 1648 πελάσεις
827 1580 932 1637 ἀνὰ
955 1582 1207 1654 βάρβαρα
1233 1587 1383 1651 φῦλα

302 1668 393 1720 καὶ
420 1664 496 1721 δι’
526 1663 692 1732 ὁδοὺς
717 1664 952 1732 ἀνόδους
977 1673 1231 1737 στείχων·
1271 1664 1362 1721 διὰ
1387 1667 1623 1730 κυανέας
1656 1663 1764 1735 μὴν

298 1750 637 1821 στενοπόρου
663 1753 862 1822 πέτρας
886 1750 1067 1824 μακρὰ
1091 1753 1332 1806 κέλευθα
1356 1773 1458 1805 να-
1679 1761 1764 1805 890

300 1840 467 1890 ΐοισιν
493 1840 771 1907 δρασμοῖς.
1198 1840 1201 1841 ’

300 1920 555 1990 τάλαινα,
581 1920 827 1975 τάλαινα.

300 2010 380 2068 τίς
406 2001 495 2075 ἄρ’
525 1996 656 2074 οὖν,
683 2005 878 2075 τάλαν,
904 2000 938 2075 ἢ
962 2002 1094 2069 θεὸς
1116 1999 1150 2075 ἦ
1174 2002 1368 2076 βροτὸς
1393 2003 1424 2074 ἢ
1680 2014 1764 2058 895

299 2097 354 2143 τί
376 2094 486 2143 τῶν
510 2086 797 2160 ἀδοκήτων

298 2172 472 2244 πόρον
498 2170 739 2244 εὔπορον
764 2173 1035 2245 ἐξανύσει,

302 2261 465 2313 δυοῖν
490 2271 609 2313 τοῖν
632 2259 827 2329 μόνοιν
855 2255 1162 2329 Ἀτρείδαιν

299 2348 486 2398 κακῶν
520 2349 772 2410 §navam

115 2432 226 2479 XO.
295 2429 354 2481 ἐν
378 2440 516 2483 τοῖσι
540 2436 910 2498 θαυμαστοῖσι
933 2429 1024 2482 καὶ
1047 2428 1248 2498 μύθων
1275 2428 1413 2498 πέρα
1679 2439 1763 2482 900

301 2508 420 2565 τάδ’
454 2511 603 2566 εἶδον
628 2510 766 2582 αὐτὴ
792 2508 895 2567 κού
919 2509 1153 2567 κλύουσ’
1182 2509 1486 2581 ἀπαγγελῶ.

116 2600 229 2648 ΠΤ.
297 2593 357 2649 τὸ
382 2595 482 2665 μὲν
502 2602 700 2666 φίλους
727 2596 992 2661 ἐλθόντας
1017 2602 1092 2661 εἰς
1116 2593 1247 2661 ὄψιν
1272 2602 1470 2666 φίλων,

295 2675 546 2748 Ὀρέστα,
571 2687 773 2752 χειρῶν
798 2680 1092 2751 περιβολὰς
1117 2679 1261 2745 εἰκὸς
1284 2687 1500 2751 λαβεῖν·

303 2763 536 2833 λήξαντα
561 2761 612 2818 δ’
643 2773 843 2820 οἴκτων
867 2762 998 2819 κάπ’
1028 2762 1193 2822 ἐκεῖν’
1222 2768 1410 2819 ἐλθεῖν
1431 2762 1626 2833 χρεων,

299 2842 447 2909 ὅπως
471 2845 529 2901 τὸ
555 2847 778 2903 κλεινὸν
802 2847 977 2918 ὄνομα
1002 2855 1095 2919 τῆς
1118 2854 1388 2917 σωτηρίας
1679 2859 1761 2901 905
