2018 3117
757 91 1136 137 ΦΟΙΝΙΣΣΑΙ
1629 90 1731 140 429

96 237 231 286 TEI.
275 226 488 286 ἀδικεῖν
511 231 753 295 κελεύεις
781 227 839 301 μ’
856 255 867 267 ·
898 228 965 285 ού
990 231 1364 302 σιωπήσαιμεν
1386 227 1470 286 ἅν.

88 320 196 370 ΚΡ.
270 315 331 369 τί
350 315 418 386 δή
440 337 506 386 με
531 315 778 388 δράσεις;
804 315 973 370 παῖδά
995 339 1102 384 μου
1125 327 1501 381 κατακτενεῖς;

94 404 234 453 ΤΕΙ.
279 395 463 463 ἄλλοις
485 400 705 470 μελήσει
729 396 904 468 ταῦτ’,
931 400 1047 469 ἐμοὶ
1071 397 1123 454 δ’
1156 399 1442 470 εἰρήσεται.

91 487 196 536 KP.
272 485 330 536 ἐκ
355 489 453 538 τοῦ
479 481 530 538 δ’
532 485 679 589 ἐμοι
702 480 821 539 τόδ’
848 475 989 553 ἦλθε
1013 485 1104 538 και
1128 487 1301 558 τέκνῳ
1331 483 1531 550 κακόν;

96 572 232 620 ΤΕΙ.
276 564 461 638 ὀρθῶς
487 591 524 638 μ
578 572 780 640 ἐρωτᾷς
803 573 915 631 κείς
941 564 1111 637 ἀγῶν’
1144 574 1286 639 ἔρχει
1310 567 1507 639 λόγων.
1649 581 1734 625 930

279 655 368 705 δεῖ
386 652 547 706 τόνδε
572 652 870 722 θαλάμαις,
898 652 963 705 οὐ
989 649 1256 723 δράκων
1234 675 1261 707 ο
1289 650 1521 723 γηγενὴς

277 737 490 805 ἐγένετο
512 742 723 807 Δίρκης
745 735 1001 806 ναμάτων
1026 738 1333 807 ἐπίσκοπος,

281 822 561 890 σφαγέντα
585 820 783 891 φόνιον
806 815 937 889 αἷμα
960 825 1029 891 γῇ
1057 825 1283 892 Κάδμου
1309 825 1437 893 χοὰς

276 906 497 972 δοῦναι,
526 909 776 957 παλαιῶν
820 901 1013 974 ’Ἀρεος
1038 906 1095 957 ἐκ
1119 905 1453 974 μηνιμάτων,

279 983 337 1050 ὃς
361 1000 585 1057 γηγενεῖ
610 987 868 1058 δράκοντι
891 1000 1120 1058 τιμωρεῖ
1141 988 1334 1059 φόνον.
1652 1001 1733 1044 935

278 1071 368 1125 καὶ
391 1077 561 1127 ταῦτα
586 1076 822 1143 δρωντες
845 1071 1129 1142 σύμμαχον
1153 1070 1412 1143 κτήσεσθ’
1435 1070 1589 1145 ’‘Apn.

276 1153 432 1225 χθων
457 1153 508 1210 δ’
537 1153 658 1211 ἀντὶ
682 1162 896 1226 καρποῦ
921 1155 1134 1224 καρπὸν
1166 1154 1293 1211 ἀντι
1312 1154 1372 1211 θ’
1402 1161 1622 1228 αι’ματος

280 1235 395 1309 αἷμ’
422 1235 493 1309 ἦν
515 1240 655 1312 λάβῃ
686 1239 963 1310 βρότειον,
996 1238 1130 1306 ε’ξετ’
1167 1238 1368 1311 εὐμενῆ

277 1329 410 1394 γῆν,
437 1322 472 1394 ἤ
495 1322 628 1379 ποθ’
659 1321 790 1395 ἡμῖν
815 1325 1201 1396 χρυσοπήληκα
1236 1325 1438 1395 στάχυν

278 1414 536 1479 σπαρτῶν
562 1406 792 1480 ἀνῆκεν·
820 1412 878 1464 ἐκ
902 1411 1095 1479 γένους
1120 1410 1181 1465 δὲ
1205 1415 1293 1465 δεῖ
1312 1418 1511 1464 θανεῖν
1649 1422 1734 1466 940

277 1489 432 1547 τοῦδ’
464 1490 522 1557 ὃς
548 1493 843 1564 δράκοντος
870 1495 1063 1564 γένυος
1088 1496 1365 1566 ἐκπέφυκε
1389 1506 1530 1558 παῖς.

277 1574 346 1629 σὺ
372 1573 424 1631 δ’
454 1575 651 1632 ἐνθάδ’
680 1575 811 1647 ἡμῖν
834 1576 1022 1641 λοιπὸς
1047 1577 1095 1632 εἷ
1118 1584 1376 1649 σπαρτῶν
1402 1579 1598 1648 γένους

279 1656 555 1733 ἀκέραιος,
589 1667 647 1716 ἔκ
674 1684 730 1717 τε
755 1660 955 1733 μητρὸς
979 1659 1227 1732 ἀρσένων
1251 1660 1300 1717 τ’
1331 1661 1454 1731 ἄπο,

279 1748 336 1799 οἱ
359 1751 451 1800 σοί
468 1768 525 1800 τε
548 1751 753 1810 παῖδες.
778 1751 1016 1817 Αἴμονος
1038 1747 1138 1817 μὲν
1162 1740 1265 1802 οῦν
1291 1747 1453 1817 γάμοι

280 1827 494 1899 σφαγὰς
519 1827 836 1901 άπείργουσ’
857 1850 866 1859 ·
895 1827 962 1886 οῦ
988 1832 1091 1902 γάρ
1119 1835 1264 1886 ἐστιν
1288 1829 1455 1903 ᾔθεος
1472 1850 1482 1859 ·
1653 1843 1735 1886 945

280 1917 385 1979 [κεί
404 1912 475 1984 μὴ
501 1913 604 1985 γὰρ
634 1912 798 1985 εὐνῆς
821 1912 1006 1986 ἥψατ’,
1033 1913 1158 1971 ἀλλ’
1187 1921 1295 1986 ἔχει
1317 1918 1468 1986 λέχος
1482 1921 1512 1983 ·]

278 1989 438 2062 οὗτος
463 1999 523 2054 δὲ
546 2004 725 2064 πῶλος
746 1997 866 2071 τῇδ’
896 1997 1179 2071 ἀνειμένος
1203 2000 1357 2056 πόλει

276 2080 471 2137 θανών
494 2084 751 2158 πατρῴαν
777 2097 940 2155 γαῖαν
965 2084 1257 2140 ἐκσώσειεν
1281 2082 1365 2140 ἄν.

277 2166 477 2239 πικρὸν
501 2165 553 2222 δ’
580 2166 855 2242 Ἀδράστῳ
880 2169 1077 2224 νόστον
1093 2166 1393 2241 Ἀργείοισί
1419 2191 1477 2223 τε

265 2250 471 2322 θήσει,
496 2254 761 2323 μέλαιναν
784 2250 908 2325 κῆρ’
938 2251 1024 2309 ἐπ’
1053 2251 1290 2325 ὄμμασιν
1314 2252 1518 2324 βαλών,
1653 2263 1737 2307 950

279 2333 498 2402 κλεινάς
521 2360 578 2392 τε
603 2337 802 2408 Θήβας.
828 2335 1001 2393 τοῖνδ’
1031 2340 1159 2393 ἑλοῦ
1184 2343 1343 2393 δυοῖν
1366 2337 1595 2406 πότμοιν

278 2418 376 2474 τὸν
400 2422 611 2493 ἕτερον·
636 2418 671 2493 ἦ
696 2420 798 2493 γὰρ
824 2427 991 2477 παῖδα
1022 2428 1202 2477 σῶσον
1226 2418 1260 2492 ἢ
1285 2420 1463 2477 πόλιν.

277 2501 342 2557 τά
364 2505 465 2574 μὲν
488 2503 618 2577 παρ’
647 2503 804 2576 ἡμῶν
829 2503 989 2561 πάντ’
1017 2512 1152 2576 ἔχεις
1168 2525 1178 2540 ’
1204 2503 1362 2576 ἡγοῦ,
1388 2506 1597 2575 τέκνον,

280 2586 415 2658 πρὸς
441 2587 609 2645 οἷκον.
638 2587 784 2655 ὅστις
809 2587 861 2644 δ’
890 2590 1114 2664 ἐμπύρῳ
1141 2598 1333 2662 χρῆται
1359 2592 1535 2662 τέχνῃ,

276 2670 523 2741 μάταιος·
549 2669 619 2745 ἢν
641 2674 741 2745 μὲν
767 2673 939 2745 ἐχθρὰ
961 2673 1203 2746 σημήνας
1226 2674 1378 2747 τύχῃ,
1651 2686 1734 2730 955

277 2754 468 2827 πικρὸς
493 2755 786 2829 καθέστηχ’
814 2755 893 2823 οἷς
917 2753 985 2814 ἂν
1009 2764 1374 2831 οἰωνοσκοπῇ·

278 2845 458 2915 ψευδῆ
484 2839 534 2897 δ’
565 2839 661 2898 ὑπ’
691 2850 878 2900 οἴκτου
902 2856 1038 2901 τοῖσι
1062 2845 1358 2917 χρωμένοις
1383 2845 1559 2915 λέγων
