2018 3117
773 114 1085 159 ΟΡΕΣΤΗΣ
1624 116 1723 168 269

267 252 328 306 ἐν
351 263 462 316 τοῖς
486 264 672 316 κακοῖς
693 250 795 323 χρὴ
819 265 930 316 τοῖς
956 259 1200 323 φίλοισιν
1225 262 1462 326 ωφελεῖν
1478 274 1488 284 ·

269 331 402 390 ὅταν
426 332 481 390 δ’
511 332 537 390 ὁ
564 340 776 406 δαίμων
812 328 877 391 εὖ
902 341 1065 411 διδῷ,
1094 344 1150 392 τί
1170 343 1257 393 δεῖ
1280 346 1489 408 φίλων;

267 416 429 488 ἀρκεῖ
454 419 558 491 γὰρ
583 417 747 484 αὐτὸς
773 416 800 475 ὁ
826 420 957 484 θεὸς
984 419 1220 490 ὠφελεῖν
1248 425 1448 478 θέλων.

268 511 453 575 φιλεῖν
477 504 722 575 δάμαρτα
746 509 911 560 πᾶσιν
930 501 1187 575 ’Ἕλλησιν
1212 511 1390 570 δοκεῖς
1406 526 1417 536 ·

265 585 401 658 κούχ
426 585 742 660 ὑποτρέχων
766 606 827 644 σε
850 594 1008 643 τοῦτο
1034 596 1251 663 θωπείᾳ
1277 594 1417 662 λέγω
1434 611 1444 620 ·
1638 607 1722 652 670

263 672 461 743 ταύτης
488 677 751 743 ἱκνοῦμαί
768 669 841 727 σ’.
879 664 920 726 ὦ
944 675 1133 742 μέλεος
1156 677 1302 745 ε’μῶν
1328 683 1530 747 κακῶν,

264 762 340 821 είς
364 753 482 811 οἷον
504 754 635 827 ἥκω.
661 763 719 811 τί
738 756 798 811 δὲ
822 763 1187 829 ταλαιπωρεῖν
1211 782 1276 829 με
1302 764 1412 826 δεῖ;

262 837 402 911 ὑπὲρ
428 839 529 911 γὰρ
555 849 710 896 οἴκου
736 838 938 905 παντὸς
964 841 1189 897 ἱκετεύω
1215 843 1360 898 τάδε.

264 916 307 979 ὦ
330 923 530 996 πατρὸς
555 921 749 995 ὅμαιμε
772 933 922 994 θεῖε,
947 923 1043 980 τὸν
1068 925 1204 981 κατὰ
1227 926 1428 997 χθονὸς

261 1005 492 1064 θανόντ’
521 1006 747 1064 ἀκούειν
770 1009 898 1064 τάδε
924 1009 1102 1080 δόκει,
1123 1014 1444 1084 ποτωμένην
1634 1029 1716 1073 675

262 1091 446 1163 ψυχὴν
469 1090 608 1164 ὑπὲρ
629 1099 758 1163 σοῦ,
785 1095 877 1149 καὶ
899 1096 1080 1165 λέγειν
1106 1092 1219 1165 ἁγώ
1245 1098 1384 1167 λέγω

259 1174 413 1233 ταῦτ’
445 1186 518 1242 εἷς
543 1201 599 1233 τε
625 1178 839 1249 δάκρυα
862 1180 954 1233 καὶ
980 1178 1144 1250 γόους
1169 1182 1259 1235 καὶ
1283 1186 1584 1254 συμφοράς.

265 1270 455 1332 εἴρηκα
495 1260 778 1334 κάπῄτηκα
813 1260 913 1333 τὴν
936 1270 1229 1334 σωτηρίαν,

260 1352 456 1418 θηρῶν
479 1343 510 1401 ὃ
533 1346 729 1412 πάντες
754 1344 888 1402 κούκ
918 1346 1022 1418 ε’γω
1049 1354 1184 1418 ζητῶ
1210 1349 1389 1419 μόνος.

75 1437 186 1486 ΧΟ.
254 1427 405 1501 κάγώ
430 1427 480 1485 σ’
509 1435 764 1502 ἱκνοῦμαι
790 1433 881 1486 καὶ
905 1431 1047 1502 γυνή
1070 1454 1170 1504 περ
1198 1425 1319 1488 οὖσ’
1350 1431 1494 1504 ὅμως
1632 1449 1716 1492 680

258 1528 367 1580 τοῖς
392 1517 730 1586 δεομένοισιν
756 1513 1019 1587 ὠφελεῖν·
1048 1512 1160 1582 οἷός
1186 1541 1243 1572 τε
1268 1514 1319 1572 δ’
1351 1517 1413 1572 εἷ.

74 1603 185 1653 ΜΕ
248 1595 475 1670 Ὀρέστ’,
503 1598 609 1671 ἐγώ
635 1623 715 1654 τοι
739 1598 839 1655 σὸν
863 1605 1225 1671 καταιδοῦμαι
1249 1601 1390 1672 κάρα

258 1684 350 1738 καὶ
374 1685 714 1755 ξυμπονῆσαι
739 1697 854 1749 σοῖς
877 1697 1089 1740 κακοῖσι
1116 1685 1406 1757 βούλομαι’

257 1769 349 1822 καὶ
372 1765 474 1839 χρὴ
497 1766 601 1839 γὰρ
627 1767 770 1824 οὕτω
796 1774 906 1824 τῶν
932 1766 1247 1840 ὁμαιμόνων
1273 1770 1412 1826 κακὰ

255 1859 691 1923 συνεκκομίζειν,
721 1852 960 1924 δύναμιν
983 1850 1052 1924 ἢν
1079 1859 1213 1929 διδῷ
1238 1855 1369 1919 θεός
1629 1871 1712 1915 685

258 1935 591 2006 [θνήσκοντα
615 1940 705 1993 καὶ
731 1944 1015 1993 κτείνοντα
1039 1938 1168 2003 τοὺς
1191 1942 1493 2008 ἐναντίους]
1511 1959 1522 1970 ·

257 2017 316 2075 τὸ
343 2017 400 2075 δ’
428 2012 501 2075 αὖ
529 2021 805 2078 δύνασθαι
830 2020 964 2093 πρὸς
989 2029 1142 2078 θεῶν
1165 2024 1337 2096 χρῄζω
1363 2039 1563 2096 τυχεῖν.

255 2100 369 2174 ἥκω
396 2103 499 2175 γὰρ
527 2103 748 2178 ἀνδρῶν
773 2106 1070 2178 συμμάχων
1094 2106 1257 2163 κενὸν
1283 2108 1420 2180 δόρυ

256 2193 411 2259 ἔχων,
438 2190 652 2246 πόνοισι
676 2198 894 2263 μυρίοις
917 2188 1210 2263 ἀλώμενος,

260 2279 459 2347 σμικρᾷ
477 2273 582 2332 σὺν
606 2273 743 2349 ἀλκῇ
769 2282 879 2332 τῶν
902 2279 1272 2348 λελειμμένων
1298 2284 1494 2348 φίλων.
1628 2292 1712 2336 690

254 2356 394 2430 μάχῃ
417 2358 517 2428 μὲν
542 2352 644 2416 οὗν
668 2357 736 2416 ἂν
762 2358 862 2431 οὐχ
885 2358 1334 2432 ὑπερβαλοίμεθα

255 2441 780 2516 Πελασγὸν’Ἀργος·
810 2451 859 2500 εἰ
881 2445 940 2500 δὲ
965 2453 1269 2515 μαλθακοῖς
1293 2445 1474 2515 λόγοις

255 2524 571 2598 δυναίμεθ’,
598 2527 826 2584 ἐνταῦθ’
856 2532 1074 2593 ἐλπίδος
1099 2529 1459 2601 προσήκομεν.

255 2623 528 2679 σμικροῖσι
551 2611 653 2684 γὰρ
678 2611 742 2669 τὰ
768 2612 974 2684 μεγάλα
999 2619 1112 2677 πῶς
1137 2616 1247 2668 ἕλοι
1269 2637 1348 2678 τις
1372 2609 1440 2668 ἂν

257 2692 537 2762 πόνοισιν;
567 2693 775 2766 ἀμαθὲς
800 2699 890 2752 καὶ
916 2696 975 2752 τὸ
1001 2696 1303 2768 βούλεσθαι
1328 2698 1471 2753 τάδε.
1624 2712 1707 2755 695

254 2773 386 2831 ὅταν
408 2776 512 2849 γὰρ
538 2776 646 2852 ἡβᾷ
670 2786 836 2851 δῆμος
865 2787 940 2845 εἰς
964 2779 1136 2852 ὀργὴν
1161 2783 1359 2852 πεσών,

255 2856 445 2929 ὅμοιον
472 2859 607 2919 ὥστε
631 2871 741 2933 πῦρ
768 2867 1094 2930 κατασβέσαι
1119 2866 1350 2936 λάβρον·
