2018 3117
865 91 1096 139 ΡΗΣΟΣ
1681 93 1783 144 339

323 225 429 284 ἀπὸ
454 231 806 300 μεμφομένοις
830 233 962 301 ἐμοῦ
987 235 1301 303 πορευθείς,
1696 245 1782 290 900

324 309 430 368 άπὸ
455 309 508 368 δ’
542 310 845 385 ἀντομένου
870 313 1073 386 πατρὸς
1099 322 1306 387 βιαίως.

327 393 462 468 ω’μοι
488 396 592 469 ἐγω
618 400 813 469 σέθεν,
840 399 881 453 ὦ
910 405 1068 470 φιλία

324 487 481 553 φιλία
504 482 743 553 κεφαλά,
771 484 992 553 τέκνον,
1018 480 1170 553 ω’μοι.

112 634 114 636 V
137 572 249 621 XO.
320 563 452 622 ὅσον
475 566 738 639 προσήκει
761 565 832 637 μὴ
854 569 1050 637 γένους
1074 574 1372 623 κοινωνίαν

323 656 526 721 ἔχοντι,
549 655 696 722 κάγώ
723 649 819 706 τὸν
842 649 942 705 σὸν
969 656 1219 724 οἰκτείρω
1243 652 1429 722 γόνον.
1694 666 1777 710 905

139 740 246 789 Mo
257 742 312 790 Y.
339 730 519 790 ὄλοιτο
544 735 644 806 μὲν
672 739 944 805 Οἰνεΐδας,
1547 733 1661 792 ἀντ.

320 815 502 874 ὄλοιτο
529 819 590 874 δὲ
611 819 941 891 Λαρτιάδας,

318 899 376 967 ὅς
398 900 454 973 μ’
483 900 687 958 ἄπαιδα
711 905 906 973 γέννας

316 994 519 1057 ἔθηκεν
543 985 913 1060 ἀριστοτόκοιο
929 1007 939 1017 ·

318 1069 351 1127 ἅ
375 1068 439 1127 θ’
459 1070 693 1128 ’Ἕλλανα
714 1082 949 1131 λιποῦσα
969 1079 1141 1145 δόμον
1691 1086 1776 1128 910

318 1163 583 1228 Φρυγίων
608 1159 809 1227 λεχέων
835 1162 1064 1213 ἔπλευσε
1087 1154 1343 1213 πλαθεῐσ’

316 1238 412 1296 ὑπ’
434 1238 571 1315 Ἰλίςο
599 1239 767 1296 ὤλεσε
790 1241 891 1312 μὲν
932 1242 992 1297 σὲ
1034 1240 1171 1296 κατὰ
1202 1247 1415 1313 Τροίας,

318 1332 572 1396 φίλτατε,
600 1326 871 1397 μυριάδας
893 1349 951 1382 τε
975 1325 1160 1390 πόλεις

317 1408 539 1482 ανδρων
562 1408 792 1482 άγαθων
816 1412 1101 1466 ἐκένωσεν.

313 1496 347 1565 ἡ
375 1492 548 1550 πολλα
574 1518 674 1565 μεν
699 1501 830 1565 ζῶν,
862 1493 1036 1550 πολλα
1064 1491 1119 1549 δ
1151 1499 1224 1558 είς
1244 1490 1437 1549 Ἀιδου
1461 1491 1663 1564 μολών,
1692 1505 1774 1548 915

316 1579 663 1649 Φιλάμμονος
686 1593 787 1634 παι
797 1584 929 1649 ,τῆς
954 1583 1080 1650 ε’μῆς
1106 1575 1227 1649 ἥψω
1255 1576 1481 1649 φρενός·

314 1661 475 1735 ὕβρις
498 1663 627 1736 γάρ,
654 1660 689 1734 ἥ
712 1661 760 1718 σ’
792 1670 1022 1734 ἔσφηλε,
1048 1665 1140 1718 καὶ
1163 1668 1414 1718 Μουσῶν
1440 1668 1550 1731 ἔρις

311 1761 491 1804 τεκεῖν
514 1745 569 1820 μ’
602 1754 769 1819 ἔθηκε
795 1748 956 1804 τόνδε
980 1748 1252 1818 δύστηνον
1276 1747 1459 1818 γόνον.

312 1838 532 1902 περῶσα
556 1831 659 1905 γὰρ
686 1831 753 1904 δὴ
779 1839 1076 1904 ποταμίους
1101 1831 1191 1888 διὰ
1216 1830 1343 1904 ῥοὰς

315 1919 559 1988 λέκτροις
586 1917 834 1989 ἐπλάθην
857 1916 1179 1989 Στρυμόνος
1203 1921 1545 1987 φυταλμίοις,
1689 1926 1774 1970 920

314 1998 395 2057 ὅτ’
429 1997 675 2074 ἤλθομεν
697 2008 795 2073 γῆς
817 2002 1173 2073 χρυσόβωλον
1209 2007 1262 2066 ἐς
1299 2002 1464 2065 λέπας

310 2086 597 2157 Πάγγαιον
622 2083 941 2158 ὀργάνοισιν
966 2088 1314 2158 ἐξησκημέναι

311 2177 541 2227 ὁΜοῦσαι
569 2178 830 2242 μεγίστην
856 2177 928 2237 εἰς
955 2178 1072 2243 ἔριν
1095 2175 1364 2245 μελῳδίας

312 2262 509 2330 κλεινῷ
535 2262 765 2328 σοφιστῇ
792 2262 992 2329 Θρῃκί,
1019 2253 1456 2326 κάτυφλιόσαμεν

317 2340 594 2413 Θάμυριν,
624 2337 683 2405 ὂς
705 2338 862 2412 ἡμῶν
894 2338 1052 2396 πόλλ’
1086 2342 1379 2395 ἐδέννασεν
1407 2339 1617 2409 τέχνην.
1685 2349 1770 2393 925

312 2421 473 2480 κάπεὶ
497 2424 556 2480 σε
579 2431 742 2480 τίκτω
756 2425 1105 2496 ,συγγόνους
1133 2424 1431 2493 αἰδουμένη

312 2509 404 2563 καὶ
427 2515 793 2581 παρθενείαν,
822 2506 912 2580 ηκ’
945 2512 997 2573 ἐς
1023 2506 1266 2580 εὐύδρου
1296 2504 1498 2579 πατρὸς

313 2597 493 2657 δίνας·
519 2596 743 2666 τρέφειν
773 2595 838 2649 δέ
863 2591 913 2648 σ’
942 2616 1009 2648 ου
1034 2592 1286 2664 βρότειον
1313 2595 1365 2656 ἐς
1389 2592 1519 2662 χέρα

309 2676 585 2748 Στρυμὼν
609 2683 854 2749 δίδωσιν,
881 2675 1017 2732 ἀλλὰ
1040 2678 1295 2748 πηγαίαις
1318 2676 1520 2748 κόραις.

314 2757 437 2817 ἔνθ’
467 2763 754 2834 ἐκτραφεὶς
779 2762 1037 2819 κάλλιστα
1062 2758 1512 2891 παρθένωνΞῧπο,
1684 2769 1768 2813 930

1329 2842 1360 2892 2
1411 2844 1434 2871 *
