2018 3117
820 88 1050 135 ΡΗΣΟΣ
1660 87 1763 139 319

111 235 272 286 ΑΓΓ.
298 234 496 300 ἔγνως·
523 227 691 300 λόγου
717 227 778 282 δὲ
803 231 887 292 δὶς
912 228 1076 284 τόσου
1099 226 1156 299 μ’
1188 228 1502 301 ἐκούφισας.

113 320 228 370 ΕΚ.
296 313 389 367 καὶ
411 318 526 378 πῶς
549 309 843 384 πρὸςἼδης
867 309 1105 390 ὀργάδας
1129 313 1436 385 πορεύεται,
1543 335 1596 376 7>

301 398 601 467 πλαγχθεὶς
629 401 883 460 πλατείας
907 386 1164 461 πεδιάδος
1186 395 1250 452 θ’
1279 394 1570 469 άμαξιτοῦ;

114 486 271 538 ΑΓΓ.
298 477 401 535 οὐκ
427 478 532 536 οἷδ’
562 478 828 552 ἀκριβῶς,
861 481 1071 535 εἰκάσαι
1096 503 1158 551 γε
1181 480 1290 552 μὴν
1312 481 1473 555 πάρα.

302 563 505 629 νυκτὸς
530 563 634 637 γὰρ
660 561 781 619 οὔτι
807 568 1026 635 φαῦλον
1050 567 1306 636 ἐμβαλεῖν
1329 566 1578 639 στρατόν,
1676 578 1761 623 285

303 648 541 704 κλύοντα
569 647 747 720 πλήρη
774 652 936 703 πεδία
961 654 1222 719 πολεμίας
1244 650 1416 722 χερός.

304 732 484 804 φόβον
507 730 561 788 δ’
592 729 923 804 ἀγρώσταις,
949 739 1006 788 οἳ
1025 730 1146 788 κατ’
1174 731 1369 789 Ἰδαῐον
1393 736 1557 799 λέπας

303 822 563 888 οἰκοῦμεν
586 813 908 888 αὐτόρριζον
933 818 1118 872 ἑστίαν
1140 816 1359 888 χθονός,

306 904 539 972 παρέσχε
563 899 778 972 δρυμὸν
806 899 1005 965 νυκτὸς
1031 906 1274 972 ἔνθηρον
1300 901 1500 972 μολών.

302 992 474 1057 πολλῇ
498 983 602 1057 γὰρ
627 982 730 1057 ἠχῇ
757 984 990 1057 Θρῄκιος
1015 987 1157 1054 ῥέων
1181 983 1407 1056 στρατὸς
1680 1000 1763 1043 290

304 1075 532 1140 ἔστειχε·
559 1069 764 1141 θάμβει
787 1066 840 1125 δ’
871 1072 1227 1140 ἐκπλαγέντες
1251 1074 1404 1140 ἵεμεν

302 1160 536 1225 ποίμνας
559 1151 694 1225 πρὸς
717 1150 912 1225 ἄκρας,
937 1159 1014 1224 μή
1034 1177 1114 1218 τις
1140 1150 1403 1226 Ἀργείων
1425 1153 1564 1227 μόλῃ

302 1238 651 1309 λεηλατήσων
674 1239 766 1292 καὶ
788 1236 856 1292 σὰ
881 1237 1181 1309 πορθήσων
1204 1238 1437 1309 σταθμά,

305 1324 438 1394 πρὶν
460 1321 526 1393 δὴ
554 1319 629 1377 δι’
665 1318 819 1376 ὤτων
843 1327 1023 1393 γῆρυν
1046 1319 1145 1397 οὐχ
1162 1319 1484 1399 Ἑλληνικὴν

304 1406 639 1477 ἐδεξάμεσθα
663 1408 755 1460 καὶ
777 1408 1106 1477 μετέστημεν
1131 1406 1328 1478 φόβου.
1678 1420 1760 1464 295

304 1497 532 1561 στείχων
557 1495 590 1545 δ
597 1488 609 1507 '
640 1487 870 1555 ἄνακτος
894 1490 1365 1563 προυξερευνητὰς
1389 1489 1526 1547 ὁδοῦ

305 1572 636 1646 ἀνιστόρησα
662 1580 920 1646 Θρῃκίοις
945 1578 1423 1647 προσφθέγμασιν,

302 1665 385 1724 τίς
410 1656 439 1715 ὁ
465 1657 764 1730 στρατηγὸς
785 1660 878 1714 καὶ
902 1664 1063 1744 τιένέο-ς-
1072 1661 1399 1731 κεκλημένος

301 1749 498 1814 στείχει
521 1742 655 1814 πρὸς
678 1740 813 1798 ἄστυ
834 1749 1196 1815 Πριαμίδαισι
1220 1743 1508 1815 σύμμαχος.

300 1829 392 1883 καὶ
417 1825 578 1882 πάντ’
612 1825 851 1892 ἀκούσας
879 1820 957 1883 οἷν
987 1829 1217 1899 ἐφιέμην
1241 1838 1461 1899 μαθεῖν,
1678 1840 1762 1884 300

303 1917 490 1982 ἔστην·
522 1909 633 1983 ὁρῶ
660 1911 720 1967 δὲ
738 1909 926 1982 Ῥῆσον
951 1909 1087 1968 ὥστε
1114 1917 1348 1982 δαίμονα

305 1992 491 2051 ἑστῶτ’
525 1999 584 2051 ἐν
610 1999 874 2051 ίππείοισι
904 2002 1162 2069 Θρῃκίοις
1187 1993 1347 2067 ὄχοις.

301 2086 476 2152 χρυσῆ
500 2079 562 2134 δὲ
586 2079 844 2162 21:13ng
874 2078 1076 2150 αὐχένα
1101 2080 1415 2152 ζυγηφόρον

303 2162 504 2219 πτόλων
530 2169 688 2237 ἔκλῃε
709 2164 889 2235 χιόνος
914 2168 1331 2237 ἐξαυγεστέρων.

304 2249 503 2320 πέλτης
527 2252 579 2304 δ’
609 2252 696 2306 ἐπ’
724 2252 890 2322 ὤμων
915 2256 1356 2323 χρυσοκόλλητος
1380 2253 1551 2312 τύπος
1677 2261 1760 2303 305

305 2337 533 2404 ἔλαμπε·
558 2331 791 2404 Γοργὼν
815 2330 868 2388 δ’
900 2329 972 2397 ὡς
996 2330 1092 2388 ἀπ’
1123 2337 1334 2403 αἰγίδος
1357 2336 1491 2395 θεᾶς

302 2422 472 2487 χαλκῆ
495 2417 763 2488 μετώποις
790 2420 1056 2472 ἱππικοῖσι
1079 2417 1375 2487 πρόσδετος

306 2506 554 2556 πολλοῖσι
575 2500 683 2557 σὺν
709 2500 962 2556 κώδωσιν
1000 2501 1220 2555 ἐκτύπει
1263 2498 1456 2570 φόβον.

304 2591 536 2656 στρατοῦ
562 2585 622 2640 δὲ
646 2591 856 2655 πλῆθος
880 2580 1008 2639 οὐδ’
1033 2579 1101 2638 ἂν
1125 2587 1185 2639 ἐν
1206 2583 1399 2655 ψήφου
1423 2581 1569 2657 λόγῳ

308 2669 514 2723 θέσθαι
541 2666 726 2724 δύναι’
760 2665 853 2738 ἄν,
887 2665 958 2732 ως
982 2665 1224 2723 ἄπλατον
1247 2661 1318 2740 ἦν
1342 2672 1500 2737 ἰδεῖν,
1681 2679 1762 2722 310

194 2561 233 2603 ><

306 2754 499 2807 πολλοὶ
521 2753 622 2823 μὲν
655 2758 847 2823 ίππῆς,
882 2750 1055 2807 πολλὰ
1078 2759 1392 2809 πελταστῶν
1415 2753 1557 2821 τέλη,

229 2819 269 2898 1<
308 2836 502 2891 πολλοὶ
526 2833 578 2891 δ’
608 2833 890 2908 ἀτράκτων
912 2835 1148 2906 τοξόται,
1179 2835 1349 2902 πολὺς
1375 2833 1425 2891 δ’
1453 2833 1608 2905 ὄχλος

737 2912 832 2926 ’.ἡ
